4125 6334
303 323 356 400 tra
754 340 757 343 ·
890 294 900 354 ἶ
924 319 1176 382 contusarum
1195 311 1295 376 nain
1422 283 1431 290 ”
1885 317 1935 366 aaa

303 459 332 504 et
347 449 437 506 omnia
450 440 551 519 paieua
565 458 592 501 tn
607 452 679 501 terra
692 431 813 510 ciusdem
828 404 960 509 liuponir,
978 447 1007 494 et
1019 436 1091 508 quod
1107 440 1131 498 Α
1181 434 1235 502 Epo
1248 425 1408 494 (loitredus,¹
1419 426 1460 482 tit.
1475 394 1755 494 suarattaratae.
1772 425 1849 478 card.

124 547 134 570 “
219 583 224 588 .
305 527 1095 602 babetisincatalasca‚inrrdumdesilraplana‚otrem
1183 519 1424 594 agobardus,
1440 516 1471 573 S.
1488 517 1561 572 Petri
1576 517 1609 572 ad
1625 513 1738 571 Vincula
1752 515 1845 586 presb.
1860 517 1934 570 eard.

306 629 417 686 babens
432 641 466 682 ex
480 622 693 682 douo-Gltnnndi
704 638 713 686 ς
743 631 856 688 terrain,
877 610 958 690 quam
979 617 1097 674 contulit
1151 612 1194 666 tit.
1211 611 1349 666 tjauosta.

307 721 386 775 vobis
410 715 510 775 mulier
522 715 621 771 nobilis
646 713 773 779 blattbla,
796 722 824 767 et
848 711 994 782 praedictus
1016 709 1095 780 lingo
1181 703 1237 773 Ego
1250 701 1396 757 Gratianus
1410 699 1461 756 SS.
1474 699 1580 755 coena
1594 706 1621 754 ci
1638 697 1761 754 [lauriani
1778 697 1848 751 diac.
1860 697 1935 752 canl.

306 813 334 866 in
356 809 468 864 iiurniuo
493 806 571 874 Lete,
597 807 643 862 ubi
668 805 775 863 trabetis
794 803 978 860 molendinum
1003 802 1095 870 iollce‘;
1187 793 1244 864 Ego
1259 792 1422 862 Gregorius,
1439 791 1468 850 S.
1486 791 1579 846 biacia
1595 789 1624 845 in
1642 788 1753 844 Portica
1772 789 1844 843 iliae.
1860 789 1936 846 card.

306 897 454 955 ecelesiam
479 898 510 954 S.
532 897 631 952 Crucis
654 909 716 950 cum
741 908 792 950 stro
821 893 982 957 tenimento,
1009 892 1094 946 ratio·
1184 885 1240 956 Ego
1260 885 1421 956 Gregorius,
1446 883 1476 940 S.
1501 881 1593 938 blaciae
1608 883 1635 938 in
1652 881 1842 953 dqrtirodiac.
1860 883 1937 936 eard.

305 1005 356 1046 tres
376 989 567 1054 ecclesiarum,
589 1001 658 1057 qrras
678 986 783 1041 nabotis
798 986 826 1041 in
839 983 965 1055 diospoli,
984 972 1095 1039 beueil-
1180 979 1235 1047 Ego
1246 977 1403 1050 Gregorius,
1416 975 1445 1032 S.
1457 975 1565 1047 Georgii
1577 976 1611 1032 ad
1625 974 1720 1030 ialam
1742 987 1856 1032 aureum
1867 973 1937 1031 diae.

306 1084 391 1150 cium,
413 1081 486 1152 qttod
510 1079 585 1136 dedit
605 1055 798 1133 rolris⁰uobilia
815 1077 857 1132 tir
869 1075 988 1132 ioanuca
1001 1086 1095 1130 comes
1145 1071 1223 1124 eard.

304 1174 394 1231 blida
410 1174 437 1228 in
451 1173 548 1229 eadem
564 1171 686 1235 civitate.
701 1177 729 1225 et
744 1170 849 1230 domos.
864 1177 893 1224 et
906 1177 1006 1236 terras,
1024 1179 1103 1240 ortas
1182 1151 1384 1227 'anatomiam
1399 1158 1450 1214 SS.
1465 1157 1554 1246 bergii
1569 1168 1598 1214 et
1609 1157 1707 1216 baeebi
1722 1157 1794 1212 diae.
1808 1157 1886 1213 eard.

296 1265 343 1320 -lbi
356 1262 482 1329 babetis3
499 1261 677 1316 testimenium
692 1259 738 1320 W.
755 1260 789 1315 de
802 1259 912 1324 Latina,
931 1259 1004 1329 quod
1020 1257 1095 1314 dedit
1179 1250 1234 1320 Epo
1251 1251 1390 1318 nicoisas,
1411 1250 1441 1307 S.
1459 1251 1550 1308 llarire
1562 1253 1588 1308 in
1604 1248 1752 1307 eosnadta
1768 1247 1842 1304 diac.
1859 1248 1935 1304 card.

306 1349 384 1406 robis
407 1351 506 1406 nobilis
519 1351 563 1406 ric
574 1348 721 1406 Goliredus
734 1348 768 1404 de
782 1346 1007 1415 birote-luscum
1025 1361 1096 1418 pra·
1183 1343 1279 1398 liatum
1305 1341 1432 1398 Laterani
1451 1357 1500 1414 per
1514 1358 1624 1416 manum
1648 1341 1764 1412 Epidii,
1778 1340 1808 1396 S.
1834 1337 1937 1394 Nicolai

306 1442 380 1498 dium
401 1442 476 1511 qrrod
492 1439 608 1498 eontulit
627 1428 705 1496 robis
719 1454 811 1496 eomes
824 1439 874 1498 W.
889 1435 923 1496 dc
939 1438 1051 1495 Caserta
1066 1439 1094 1496 in
1147 1435 1175 1490 lu
1189 1435 1306 1491 caricare
1328 1434 1454 1491 Tralliano
1465 1437 1536 1491 diac.
1549 1436 1627 1493 eard.
1640 1449 1667 1489 ur
1678 1433 1748 1490 lion.
1760 1430 1865 1495 danii,
1883 1431 1938 1488 ind.

307 1529 458 1585 terrimento
470 1528 618 1595 lenacia,
629 1529 702 1599 quod
714 1528 765 1584 luit
774 1527 887 1601 loannis
898 1529 991 1584 militis
1000 1527 1094 1596 Bassia
1146 1542 1175 1591 u,
1191 1527 1297 1585 luemu.
1320 1527 1426 1584 llonriui
1448 1529 1529 1594 itta,
1542 1527 1639 1599 pontii.
1661 1541 1726 1584 aero
1747 1525 1778 1581 b.
1798 1521 1936 1580 cunctim

305 1618 509 1686 molendinum,
534 1621 606 1690 quod
629 1623 708 1686 robis
721 1621 838 1678 contulit
850 1634 942 1677 comes
961 1619 1094 1692 begarius
1147 1632 1223 1688 papae
1236 1617 1270 1672 itt
1286 1633 1358 1673 anuo
1371 1621 1503 1677 seeundo.
1919 1611 1922 1619 '

305 1707 340 1763 de
362 1707 461 1763 blolina
484 1711 512 1764 iu
534 1711 654 1781 isernia;
668 1702 695 1770 et
706 1712 890 1771 molendinum
910 1714 944 1770 de
960 1711 1092 1779 Pintima,
1434 1701 1448 1720 ⁶
1501 1729 1582 1787 cm

228 1811 235 1820 ·
305 1797 379 1868 praed
391 1800 465 1855 dedit
477 1801 554 1857 robis
567 1799 712 1872 daipertus
728 1801 866 1869 Tetellus,
881 1812 910 1859 et
921 1802 994 1874 quod
1009 1781 1130 1858 bame-B
1288 1845 1294 1858 .
1448 1841 1476 1896 Μ
1514 1843 1520 1856 .
1706 1841 1712 1854 .
1853 1844 1860 1854 ,

307 1891 344 1946 tis
357 1892 385 1946 iu
399 1891 493 1958 Petra.
508 1903 536 1950 et
555 1895 582 1950 in
597 1895 742 1978 bartiano,
759 1906 788 1953 et
804 1897 832 1952 in
845 1893 966 1964 isernia;
983 1897 1094 1964 domus,
1150 1842 1936 1982 ”⁰⁸2⁸:552&ssss„ffiffifflffimffifffn‘³'

311 1985 475 2055 apothecam
489 1993 516 2040 et
533 1995 633 2055 terras,
645 2002 714 2056 quaa
731 1987 850 2044 ioannes
872 1985 1001 2043 iiiclrardi
1021 1983 1098 2045 dedit
1391 2023 1543 2096 (menni,
1553 2022 1634 2080 nm
1648 2023 1688 2098 ὅ.)
1827 1983 1830 1992 ’

307 2075 386 2130 robis
400 2074 427 2130 in
443 2074 547 2145 Capua,
562 2087 591 2132 et
606 2079 714 2145 domos,
731 2093 802 2149 quas
816 2079 890 2134 dedit
904 2077 980 2134 robis
999 2077 1096 2132 Petrus
1201 2137 1211 2164 f
1230 2141 1235 2153 ⁸
1424 2138 1430 2150 ,

307 2165 395 2220 tttdae
409 2166 436 2220 in
451 2167 548 2222 eadem
561 2169 685 2234 ciuitate,
708 2180 737 2226 et
751 2171 824 2240 ociori
847 2170 959 2240 Sergius
980 2169 1096 2224 eontulit
1201 2139 1228 2212 1¹
1237 2153 1383 2202 ‘mmm'
1397 2137 1512 2207 D'i'm'·
1528 2137 1724 2208 Ama'mm’
1743 2136 1768 2204 ¹*
1779 2137 1864 2212 ²⁸¹4

308 2255 387 2310 vobis
399 2256 427 2311 ta
443 2255 603 2314 Adversum.
617 2259 690 2316 Saue
707 2259 831 2315 taborum
849 2253 1013 2324 vestrorum,
1027 2273 1096 2330 qnos
1182 2251 1364 2304 coecssnnus
1374 2245 1528 2315 eviscopos,
1542 2247 1638 2302 sends
1660 2245 1811 2300 servorun
1822 2244 1884 2310 mi,
1899 2245 1938 2300 di·

307 2348 428 2418 propriis
456 2343 601 2420 manibus)
627 2353 669 2408 vot
699 2351 852 2422 sumpsibus
877 2351 966 2408 cottus
981 2363 1035 2406 ιη,
1061 2353 1096 2407 (ιθ
1147 2339 1227 2394 lectis
1247 2339 1311 2394 liliis
1334 2337 1507 2402 wancarae,
1532 2336 1626 2392 abbati
1651 2334 1809 2391 monasterii
1831 2335 1938 2390 &ncta

309 2435 392 2489 terris
405 2434 487 2491 cultis
498 2451 579 2506 ortam
593 2437 713 2506 incultis,
724 2447 779 2496 etc,
793 2438 886 2495 Liceat
897 2453 1005 2510 quoque
1019 2437 1095 2496 robis
1152 2429 1244 2487 llarire
1255 2430 1288 2484 rle
1302 2429 1396 2483 Earum
1411 2426 1523 2498 ejrrsque
1534 2423 1665 2484 iratribus
1677 2435 1742 2496 tarn,
1752 2427 1937 2497 praesentibus
2021 2451 2022 2472 ι

307 2525 435 2592 clericos,
453 2527 495 2582 rel
515 2527 598 2584 laicos
620 2530 741 2596 liberos.
763 2542 816 2587 etc.
844 2531 1027 2586 Prolribeuma
1053 2531 1106 2586 in·-
1146 2537 1228 2594 iiim
1244 2522 1356 2588 fllium·
1373 2519 1527 2593 '‘immi‘'
1543 2521 1628 2576 '5¹³³‘
1644 2519 1776 2591 Pl⁰s⁰⁸⁸5⁸
1792 2520 1820 2574 ⁵¹¹
1841 2534 1938 2588 ilem·
2021 2537 2022 2562 l

309 2633 442 2687 superne
463 2621 511 2675 ulli
535 2621 651 2677 iratrum
672 2633 838 2691 aestrorum,
864 2633 918 2679 ete.
950 2623 1094 2684 bicorden·
1146 2609 1233 2673 itttttnss

308 2719 363 2764 tem
379 2724 455 2776 uero,
472 2720 526 2766 ete.
538 2711 616 2779 Quod
632 2713 654 2767 si
668 2715 731 2784 uuis
744 2712 826 2780 lorte,
840 2725 892 2770 cto.
908 2713 971 2769 Paci
985 2729 1095 2785 quoquo
1180 2700 1345 2788 beaularcm
1371 2701 1453 2757 sitam
1474 2701 1640 2775 eligentibus
1663 2699 1845 2771 apostolieum
1872 2715 1938 2754 cou-

306 2806 336 2850 et
358 2797 548 2865 tranquillitati
573 2808 671 2855 vestrae
695 2807 808 2869 paterna
824 2801 851 2856 in
866 2808 1006 2869 posteram
1021 2799 1095 2854 solli·
1146 2798 1221 2852 uenit
1243 2797 1340 2853 adesse
1364 2797 1533 2866 prandiam,
1549 2809 1582 2850 tre
1597 2795 1667 2850 iorte
1681 2794 1833 2864 curjusiibet
1850 2803 1937 2848 terrae·

306 2886 430 2941 citudine
444 2888 588 2956 providere
602 2893 721 2948 volentes
733 2893 912 2964 probibemus
926 2891 1094 2946 auctoritato
1145 2887 1236 2945 ritatis
1250 2887 1392 2952 incursus,
1410 2895 1457 2941 aut
1474 2901 1523 2943 eos
1548 2903 1563 2941 a
1590 2888 1731 2956 proposito
1756 2895 1869 2940 reuocet
1893 2895 1938 2940 aut

307 2975 470 3044 apostolica,
495 2990 530 3032 ne
553 2979 616 3048 qrris
639 2981 710 3039 inira
734 2981 869 3036 ambitum
894 2980 1026 3047 locorum,
1045 2995 1092 3037 ocu
1145 2981 1246 3045 rolmr,
1274 2980 1345 3048 mind
1375 2979 1461 3034 absit!
1492 2993 1580 3034 sacrae
1614 2977 1756 3048 religionis
1788 2976 1935 3047 infringat.

306 3065 482 3135 oratoriarum
502 3079 654 3142 uestrarum
670 3069 773 3126 lurtum
789 3071 948 3143 rapinarum
968 3073 1129 3167 cornruit-c
1146 3071 1306 3141 Eapropter.
1319 3069 1410 3125 dilecti
1426 3072 1452 3125 iu
1465 3069 1580 3125 borcaino
1591 3068 1649 3136 lilii,
1662 3069 1762 3125 vestiis
1782 3068 1866 3138 iustis
1891 3083 1936 3138 po·

306 3162 377 3218 iere,
394 3156 484 3225 iguem
499 3173 650 3228 apponere,
671 3161 811 3217 bominem
828 3178 939 3234 capere,
953 3163 996 3216 vel
1010 3164 1095 3218 inter·
1146 3161 1338 3216 titulationibus
1353 3160 1503 3216 elementer
1518 3163 1700 3216 arramimttset
1717 3159 1863 3231 praelatum
1881 3176 1936 3213 mo·
2021 3227 2022 3236 ἵ

244 3295 251 3304 ,
307 3246 1095 3319 iicere‚seuaiicpramvieleutiamtemereaudcatexer·
1146 3249 1296 3307 nastcriuna
1315 3251 1425 3308 Sanctae
1441 3251 1583 3308 blariaede
1607 3251 1704 3307 Esrom
1724 3251 1936 3322 inquodiriuo

306 3349 382 3390 cere.
397 3335 465 3391 iilud
483 3339 595 3410 iitsrrper
608 3343 772 3399 auctoritate
795 3344 944 3414 apostoliea
963 3345 1096 3414 probibe·
1145 3345 1210 3400 estis
1222 3344 1353 3413 obsecutio
1369 3342 1530 3412 mancipati,
1548 3340 1599 3399 sub
1612 3343 1686 3399 beati
1700 3342 1774 3399 Petri
1798 3353 1826 3396 et
1841 3355 1934 3396 trostra

306 3441 378 3494 anus,
407 3444 442 3486 ne
464 3430 535 3486 inira
559 3431 708 3501 dimidiam
720 3439 825 3490 leucam
852 3450 935 3505 prope
955 3436 1093 3510 albaniam
1145 3433 1541 3504 protectionecarseipirnuset
1562 3437 1707 3504 prasentia
1729 3433 1826 3504 scripti
1850 3433 1936 3502 priri·
2021 3465 2022 3486 ι

305 3527 425 3575 uestram
452 3521 543 3594 aliqua
573 3525 607 3578 dc
632 3541 702 3582 noro
727 3526 859 3582 babitatio
884 3526 950 3596 liat,
981 3526 1014 3582 de
1041 3543 1093 3598 qaia
1144 3525 1480 3594 legiocorrrrrruuimtrs‚iu
1502 3527 1597 3596 prirnis
1619 3525 1754 3596 siquidem
1780 3533 1935 3581 statuentes

237 3641 241 3648 -
299 3609 385 3692 yobia
406 3609 505 3666 debeat
521 3623 639 3667 eerraira
663 3615 797 3670 lraetanut
821 3616 967 3680 libertatis.
979 3624 1006 3673 ei
1018 3618 1094 3688 pacis
1145 3617 1436 3672 otordomonastieus
1454 3617 1500 3688 qrri
1523 3617 1672 3672 secundnm
1697 3617 1782 3671 mant
1807 3627 1835 3671 et
1864 3618 1935 3672 beati

301 3698 417 3768 aliquod
433 3699 632 3771 „praeiudicium
653 3704 790 3772 generari.
812 3707 1006 3762 Ordinationes
1028 3722 1093 3764 uero
1143 3702 1287 3760 bertedieti
1305 3706 1437 3776 Regulam
1456 3715 1535 3776 atque
1548 3707 1749 3762 iustitutionem
1766 3706 1934 3762 Cistercien·

303 3787 504 3846 monaclrorurn
518 3797 669 3846 nestrorum
685 3810 700 3847 a
715 3796 839 3863 diceres..
851 3805 905 3852 ete.
927 3789 931 3799 ’
1082 3781 1086 3792 ’
1143 3799 1215 3852 sium
1231 3796 1348 3852 iratrtnu
1369 3798 1396 3852 in
1413 3799 1509 3852 eodem
1525 3785 1693 3854 monasterio
1713 3797 1860 3853 institutus
1875 3812 1936 3852 esec

340 3877 649 3952 Deccruimuscrpo,'ut
661 3886 726 3940 ualli
736 3891 847 3945 omnino
857 3891 997 3950 bominum
1009 3896 1092 3951 liccat
1143 3888 1322 3958 dignoscitur,
1336 3887 1476 3957 perpetuis
1492 3887 1592 3944 ibidem
1606 3888 1774 3958 temporibus
1784 3885 1934 3942 inuiolabi-

302 3969 446 4039 praeiatatn
472 3973 615 4030 eccleciam
629 3985 732 4035 temera
746 3983 919 4050 perturbare,
934 3994 1003 4054 etc„
1017 3977 1091 4043 solra
1143 3977 1384 4034 literobcorrctur.
1397 3979 1532 4035 Praeterea
1542 3993 1721 4050 qtraaeuuque
1732 3981 1932 4050 possessiones,

302 4059 390 4126 aedis,
414 4071 468 4116 cte.
493 4063 876 4143 Siquaigituriniuturunr,
902 4088 957 4135 cto.
976 4078 1089 4137 carneri,
1142 4084 1314 4140 quaerunque
1330 4060 1413 4138 bona,
1430 4069 1501 4124 idem
1522 4071 1716 4144 uronasterinm
1733 4071 1926 4139 iruprrcsamia·

284 4161 395 4215 ,tutem
419 4155 508 4214 eidem
529 4156 589 4214 leco
609 4175 659 4221 atra
682 4160 758 4233 iura,
785 4176 852 4231 etc„
881 4167 919 4224 sir
942 4184 1006 4240 pax,
1035 4181 1088 4228 etc.
1141 4177 1203 4218 rura
1227 4160 1301 4229 juste
1315 4172 1344 4216 et
1367 4161 1500 4216 canonice
1523 4161 1654 4230 possidet,
1684 4169 1731 4214 ant
1754 4162 1782 4216 iu
1810 4160 1932 4216 loturum

300 4242 399 4302 Amen.
459 4263 463 4268 ·
1141 4253 1321 4310 coracessioue
1335 4253 1506 4323 pontificum,
1523 4253 1667 4322 largitione
1688 4251 1843 4321 regumve!
1859 4251 1933 4322 prin·

397 4334 515 4398 Patrico
529 4356 647 4400 caussas
660 4359 729 4404 neos
750 4362 777 4403 ur
795 4363 902 4406 annum
919 4365 992 4408 snas,
1142 4344 1247 4414 cipum,
1261 4343 1403 4398 oblatione
1426 4343 1559 4407 bdelium,
1573 4357 1621 4398 seu
1646 4343 1707 4398 aliis
1721 4343 1807 4410 justis
1832 4345 1931 4406 urodis.

510 4431 554 4504 [S.
572 4434 681 4503 Petrus,
702 4437 735 4494 s.
748 4437 881 4512 Paulus}
1103 4440 1289 4506 npraestante
1312 4435 1447 4501 Domino,
1473 4435 1576 4505 poterit
1601 4433 1728 4505 adipisci,
1744 4432 1825 4488 lirum
1855 4435 1933 4490 tobis

273 4566 276 4570 .
368 4519 535 4587 Caelestinus
550 4540 619 4595 papa
635 4529 741 4583 tertius.
1140 4527 1291 4601 uestrisque
1306 4527 1517 4584 successoribus
1532 4535 1561 4582 ct
1576 4525 1678 4581 illibata
1692 4535 1886 4596 permaneant.
1902 4527 1931 4581 ln

335 4611 393 4683 Ego
405 4611 583 4679 eorpuinus,
599 4618 741 4674 catiroticae
754 4621 883 4680 Ecclesiae
896 4624 1050 4695 episcopus.
1138 4623 1239 4690 ortibus
1263 4623 1330 4678 bare·
1343 4621 1464 4694 propriis
1488 4619 1619 4676 duximus
1643 4619 1826 4690 exprimenda
1851 4635 1932 4679 roca·

334 4694 777 4780 EgoAlbitius,dlbatren.'episc.
1138 4713 1228 4769 bulis:
1424 4767 1428 4774 .

333 4791 580 4864 moderamnus,
598 4797 704 4855 ostien.
719 4801 906 4859 etielletrcu.
928 4808 1085 4879 episcopus.
1173 4803 1276 4861 Locum
1305 4805 1394 4875 ipsum
1418 4806 1446 4862 in
1475 4821 1531 4876 orto
1556 4805 1700 4878 prce-iatum
1730 4807 1930 4862 monasterium

329 4881 388 4950 tago
402 4883 521 4940 ioannes
535 4882 668 4944 Praenest.
686 4891 772 4963 epioe.
1138 4895 1220 4951 situm
1232 4903 1284 4957 est,
1296 4911 1358 4951 eum
1379 4895 1509 4952 omuibus
1524 4896 1686 4964 adjacentiis
1700 4905 1728 4951 ct
1752 4898 1930 4968 pertinentiis

331 4973 389 5044 Ego
402 4973 500 5030 Petrus
512 4974 682 5046 Portuensis,
704 4990 731 5037 et
745 4983 775 5040 S.
794 4983 900 5041 [iulum
925 4985 1085 5058 episcopus.¹
1137 4987 1210 5054 auis,
1222 4986 1373 5043 claustrum
1390 4989 1478 5059 ipsum
1494 4989 1527 5044 da
1544 4989 1661 5053 Esronr,
1676 5003 1746 5043 curn.
1761 4989 1849 5054 siluis,
1865 5005 1929 5060 pra-

330 5065 388 5140 Ego
397 5063 585 5137 Pandulpbtts,
596 5069 717 5128 basilica
731 5073 777 5131 xit
787 5077 980 5147 Apostolorum
991 5080 1084 5151 presb.
1137 5078 1184 5142 tis,
1201 5079 1375 5145 rnoieudiuis,
1403 5079 1531 5149 piscariis
1554 5088 1581 5133 rt
1603 5080 1729 5134 orrruibus
1752 5081 1929 5150 pertiuentiis

293 5155 457 5217 cardinalis.
1136 5171 1209 5234 suis:
1225 5169 1427 5242 willingeruth,
1439 5169 1927 5242 llalrabolem,byrgisholmsmde.

328 5247 385 5318 Epo
398 5247 506 5316 Melior,
527 5247 578 5308 SS.
593 5247 710 5327 loannis
722 5262 751 5310 ct
766 5254 842 5312 Pauli
856 5259 949 5328 presb.
964 5261 1040 5317 eard.
1057 5273 1085 5318 et
1137 5261 1343 5332 Tlmmatliorp‚
1371 5260 1497 5317 'lotelmlt
1527 5278 1588 5317 cum
1613 5264 1742 5318 omuibus
1774 5264 1928 5320 attinentiis

293 5335 373 5396 Para.
1134 5355 1210 5419 orris;
1227 5351 1323 5408 linteae.
1335 5368 1395 5408 conr
1409 5353 1536 5409 orrruibus
1550 5369 1610 5424 quiae
1621 5355 1777 5424 pcrtineut;
1787 5353 1926 5418 sterrbolt,

327 5430 385 5500 Epo
407 5431 537 5502 loanuco,
566 5443 610 5494 ut.
635 5435 668 5493 S.
690 5437 822 5510 Stephani
845 5455 871 5496 m
892 5440 1085 5500 coeliomonte·
1136 5441 1233 5497 doruos
1260 5440 1352 5496 Sancti
1384 5440 1514 5508 Martini,
1546 5441 1751 5514 iliaruetlrorp,
1781 5445 1925 5510 cracadal,

293 5521 387 5588 presb.
403 5524 480 5580 card.
1085 5554 1089 5560 ·
1137 5533 1262 5603 llotlmrp
1280 5533 1306 5586 in
1321 5531 1476 5596 llaliaudia,
1490 5541 1517 5588 et
1537 5533 1786 5604 Glrmtstem’rtiglm
1799 5551 1861 5591 eum
1874 5535 1926 5588 ril-

328 5607 386 5678 Ego
399 5611 523 5682 Catulus.
541 5615 574 5670 tit
596 5613 627 5674 S.
655 5616 796 5675 Laurentii
822 5619 848 5675 iu
871 5619 973 5676 Lucina
990 5621 1080 5692 presb.
1135 5623 1178 5687 lia,
1194 5623 1289 5693 pratis,
1303 5619 1573 5696 stivisserrettqms
1595 5627 1768 5698 appendiciis
1785 5627 1922 5692 scinde-

293 5698 371 5768 aare.
808 5707 816 5722 '
1006 5712 1012 5725 '
1135 5715 1219 5771 eiuras
1233 5729 1340 5784 utroque
1363 5717 1501 5787 parocbia
1521 5731 1581 5789 quae
1605 5717 1706 5776 dicitur
1725 5717 1907 5785 &buum
