4125 6334
286 315 338 380 itt
776 304 904 361 THOMAE
923 301 1077 359 ctsvtittc.
1097 301 1143 356 ET
1161 302 1256 357 JOAN.
1278 300 1417 358 utculrtl
1862 293 1917 354 its

290 427 352 483 beat
374 439 422 482 eet
444 421 574 486 beminis,
590 432 639 490 per
652 425 732 487 putus
750 417 924 472 saturitatem.
940 415 968 470 lu
987 415 1075 485 primo
1089 418 1114 478 A
1130 416 1204 476 tetis.
1217 416 1333 470 lruetum
1347 412 1580 486 operis‚[irttetuun
1592 409 1815 470 runnurtattutir.
1830 409 1918 482 igitur

214 525 216 530 '
291 516 457 604 atvevfflmut
477 511 579 568 Christi
607 491 807 574 bumilitatem,
829 507 856 561 iu
881 507 1001 562 secundo
1020 505 1077 561 daa-
1129 504 1286 575 perderem
1302 506 1439 560 castitatis
1454 506 1570 560 babetur
1585 502 1821 560 lructusvirtutis.
1836 502 1918 558 Unde

292 619 404 660 ιιιιιιιιιιιι
428 597 676 670 expugnationem,
700 596 727 650 in
744 596 823 652 tertio
839 595 928 651 lectam
953 597 1077 651 resvrr're·
1129 593 1249 649 tlicllnr:
1264 612 1273 645 ι
1288 593 1448 662 Egredietur
1463 595 1538 673 virge
1561 594 1703 650 deradice
1722 595 1812 658 lesse.
1824 602 1853 648 et
1866 591 1919 649 llos

291 681 424 748 ctionem.
440 685 556 742 llunvilis
571 683 622 738 lult
635 683 752 740 dilectus
764 685 791 740 iu
811 675 954 756 praesepio,
968 682 1079 739 bomilia
1129 672 1163 739 de
1179 683 1270 740 radice
1293 683 1351 753 ejus
1373 686 1552 750 ascendebat
1574 686 1725 754 requiescet
1748 699 1830 753 snper
1854 699 1918 739 euru

292 780 318 832 iu
339 775 449 841 saeculo,
466 772 578 829 bumilis
601 772 629 828 in
644 774 775 846 patibulo.
798 774 826 829 ln
841 763 977 846 praesepio¹
996 772 1078 829 rccli·
1130 774 1248 845 Spiritus
1266 774 1372 830 bontini
1385 775 1427 839 ’,ι
1443 784 1497 830 etc.
1515 774 1593 831 lesse
1616 774 1784 844 celsiperirmt
1805 774 1915 829 dicitur.

292 877 370 924 natus
392 865 493 922 vilibus
507 863 616 937 pennis,
638 865 727 936 sunia
752 881 808 922 nou
828 873 886 920 erat
908 861 983 922 loeus
1004 863 1030 918 ei
1051 863 1078 918 in
1129 860 1208 921 liade
1218 865 1252 920 de
1263 880 1297 922 eo
1309 866 1432 921 ascendit
1446 865 1495 921 llos
1507 867 1643 921 castitatis
1658 865 1685 920 in
1697 879 1752 934 quo
1766 862 1838 920 duna
1854 863 1918 932 Spi-

291 957 441 1018 diversorio
448 943 510 1024 ”il
525 958 552 1012 lu
568 951 678 1022 saeculo,
693 957 756 1018 dum
771 951 939 1018 clamaretur
949 955 982 1010 ad
997 969 1077 1012 eume
1129 956 1198 1012 ritus
1213 957 1300 1013 saneti
1314 948 1443 1013 libentius
1457 955 1643 1025 reqniescunt.
1656 955 1707 1030 Per
1723 955 1818 1009 berem
1834 956 1919 1008 ruira-

294 1049 491 1104 rbaemoninm
513 1047 599 1103 babes
609 1045 671 1112 11,ι
698 1046 838 1116 expositus
857 1042 1012 1102 iudeorum
1032 1033 1078 1100 lu·
1129 1049 1262 1122 culorum,
1287 1062 1369 1117 opera
1397 1047 1517 1105 virtutis.
1544 1045 1658 1115 Propter
1680 1045 1738 1101 baec
1757 1042 1830 1101 enim
1854 1058 1919 1115 qnae

293 1140 397 1208 dibrie;
411 1139 438 1196 lu
456 1137 576 1210 patibulo
590 1137 617 1192 ia
640 1151 693 1207 quo
709 1123 751 1193 cst
763 1139 838 1194 risos
852 1138 930 1209 quasi
945 1137 1077 1208 leprosus,
1129 1140 1291 1194 videbantur
1313 1138 1372 1194 lieri
1395 1153 1410 1192 a
1434 1137 1542 1194 cbristo
1573 1137 1699 1191 ltetuiues
1722 1137 1916 1206 operabantur.

293 1239 321 1288 et
339 1241 487 1304 percussus
500 1236 528 1286 el
544 1225 730 1294 humilietusa
752 1225 807 1282 Dee
818 1227 852 1282 11.
876 1226 1006 1281 ‹Palmes
1024 1219 1096 1280 nou
1128 1228 1194 1284 lude
1208 1238 1250 1283 est
1264 1229 1337 1299 qnod
1353 1228 1428 1298 virga
1449 1227 1540 1283 Aaron
1557 1227 1657 1292 floruit,
1670 1237 1697 1282 et
1713 1227 1776 1282 ideo
1789 1227 1824 1281 ad
1837 1229 1919 1283 utini·

294 1332 384 1396 petest
397 1321 513 1376 lructum
527 1317 620 1373 lacere
630 1319 682 1374 arisi
698 1319 828 1373 vuauserit
842 1319 870 1372 in
892 1317 1017 1382 vite¹⁰⁰,r
1032 1318 1079 1373 sed
1129 1320 1268 1374 strandum
1289 1319 1316 1374 ie
1342 1319 1517 1375 tabernaculo
1530 1319 1633 1375 electus
1646 1328 1689 1375 cst
1701 1319 1734 1377 1·.
1747 1309 1801 1376 Per
1822 1318 1918 1376 Mrem

295 1431 345 1471 nec
360 1413 468 1470 borere.
481 1411 552 1468 litis
568 1411 620 1465 ista
635 1411 722 1465 tribus
735 1393 849 1464 boribus
862 1407 974 1464 floruit:
990 1407 1081 1463 bornit
1129 1407 1270 1478 serngrriais
1288 1409 1423 1463 turbemus
1446 1408 1564 1463 lrnctum
1592 1409 1814 1464 immortalitatis.
1839 1410 1920 1465 bade
2007 1475 2012 1481 ¹

292 1505 359 1562 bore
382 1501 528 1569 castitatis,
550 1501 642 1558 floruit
666 1499 816 1567 miraculis,
836 1499 927 1556 bennit
949 1500 1080 1556 ellnsioue
1130 1493 1258 1576 Salomon
1279 1507 1288 1551 t
1309 1492 1454 1554 «florebit
1477 1499 1634 1570 alandalus
1653 1507 1682 1556 et
1705 1499 1920 1571 impinguabitur

294 1595 442 1668 marpuinis.
462 1593 579 1650 Primus
594 1591 748 1657 nativitate,
760 1591 879 1646 secundo
897 1590 922 1646 in
947 1590 1080 1660 predica·
1130 1591 1247 1653 lucusta,
1259 1596 1287 1642 et
1315 1587 1491 1657 dissipabitur
1505 1589 1644 1658 capparis,
1667 1590 1796 1658 quoniam
1819 1589 1921 1646 redibit

295 1683 379 1748 tione,
391 1681 471 1736 tertio
482 1681 509 1736 iu
522 1679 657 1750 passione.
671 1677 727 1734 lloe
744 1678 838 1747 triplici
851 1677 917 1734 llere
930 1693 978 1748 per
993 1679 1079 1748 ipsum
1130 1678 1211 1734 ltomo
1225 1679 1252 1733 in
1266 1678 1374 1733 domum
1387 1679 1546 1735 aeternitatis
1559 1695 1616 1736 sue
1626 1680 1647 1735 1.
1659 1697 1668 1732 r
1683 1679 1746 1735 llaec
1759 1680 1921 1751 amygdalus

294 1771 384 1828 borvvlt
406 1771 502 1834 alama,-
514 1770 540 1825 ivl
556 1779 598 1826 est
611 1769 745 1825 Ecclesia.
761 1767 824 1824 Flet
839 1769 889 1824 itte
911 1767 1079 1824 medicinalis
1095 1738 1116 1794 B
1132 1765 1278 1835 luiterus,
1293 1785 1354 1841 quae
1366 1765 1458 1825 floruit
1471 1769 1602 1840 sanprvine
1623 1767 1735 1838 Cbristi,
1749 1780 1778 1824 ct
1792 1785 1841 1839 per
1855 1786 1920 1823 carru

294 1873 345 1921 est.
359 1863 428 1931 Cum
442 1861 516 1917 euim
532 1858 611 1914 bonet
624 1857 713 1925 vinea,
730 1873 763 1914 ex
778 1859 877 1913 virtute
892 1855 966 1912 boris
984 1870 1080 1912 omnes
1132 1859 1279 1929 dissipatur
1302 1862 1438 1932 capparis,
1454 1861 1481 1916 ld
1496 1871 1538 1916 est
1553 1861 1693 1930 corruptio
1715 1855 1822 1926 nostra,
1836 1871 1866 1915 et
1879 1861 1921 1915 sic

295 1961 436 2022 serpentes
449 1948 556 2021 lugiunt
568 1950 602 2005 ab
615 1963 659 2007 eu.
673 1947 738 2004 Tria
750 1949 823 2004 enim
838 1956 902 2003 snut
913 1961 1013 2017 genera
1025 1959 1081 2000 ser·
1132 1949 1232 2004 redibit
1244 1950 1327 2007 bomo
1341 1951 1368 2006 iu
1383 1952 1493 2007 donnum
1511 1953 1670 2006 meratitatls
1684 1967 1750 2007 snae.
1770 1949 1920 2008 Videamus

296 2041 433 2112 pontium,
452 2041 499 2111 qni
524 2037 630 2111 lugiunt
644 2053 659 2094 a
674 2035 745 2095 leole
765 2037 846 2108 hujus
861 2037 976 2108 triplicis
995 2037 1078 2100 doris,
1132 2044 1273 2112 qnoquesi
1285 2044 1433 2113 floremont
1452 2043 1522 2097 rivola
1543 2043 1649 2117 petrice.
1666 2040 1923 2113 ilala'punicaqna·

297 2133 323 2186 td
337 2139 379 2188 est
400 2128 481 2201 158
503 2128 595 2184 earnis
614 2127 773 2199 petulantia,
791 2127 884 2183 mundi
901 2127 1014 2194 11111111.
1029 2126 1080 2182 St·
1132 2143 1195 2188 suvtt
1211 2137 1305 2198 rubea,
1323 2143 1458 2205 tvnartyres
1481 2125 1631 2204 designant
1650 2133 1681 2189 lli
1706 2135 1795 2204 primo
1818 2135 1923 2190 babent

297 2230 367 2274 tanae
378 2221 487 2275 astutia.
501 2216 553 2273 Per
566 2216 661 2273 liorem
678 2216 814 2273 castitatis
826 2216 917 2272 carnis
929 2215 1080 2287 petulantia
1131 2222 1250 2291 pariendi
1268 2223 1449 2288 desiderierum
1462 2223 1594 2284 secuudo,
1602 2225 1735 2293 martyrio
1745 2238 1776 2279 se
1787 2223 1922 2291 ederunt3

296 2307 423 2374 vincitur,
445 2321 495 2378 pcr
517 2306 610 2362 berem
638 2294 831 2362 miraculorum
857 2306 951 2361 utendi
976 2300 1079 2361 malitia
1133 2311 1223 2376 tertio,
1237 2310 1399 2381 martyrium
1414 2308 1695 2375 libentersudcruut.
1711 2304 1823 2366 florent
1836 2313 1922 2384 igitur

295 2398 453 2470 expellitur.
468 2411 517 2467 per
529 2395 623 2452 borean
638 2385 777 2468 sauguinis
795 2396 894 2453 diaboli
912 2396 1012 2452 astutia
1031 2397 1081 2451 ob·
1133 2400 1256 2472 martyrii
1268 2402 1412 2468 desiderio,
1426 2410 1554 2456 crescunt
1565 2415 1627 2456 cetu
1640 2413 1670 2456 se
1682 2399 1801 2456 olleruut
1816 2411 1923 2472 marty-

296 2498 412 2546 tnratur.
423 2488 508 2545 Primi
522 2496 662 2558 serpentes
676 2494 751 2554 abab
764 2502 831 2559 quot
844 2487 915 2558 magi
933 2486 1081 2544 Pbaraouis
1133 2489 1190 2556 rio,
1205 2497 1393 2546 utaturcscunt
1412 2500 1441 2544 et
1461 2490 1561 2551 rubent
1584 2490 1734 2546 voluntarie
1752 2491 1920 2548 sufferendo.

296 2581 420 2640 lecerunt
434 2580 462 2635 ln
481 2578 611 2652 AEgyptm
632 2579 678 2634 nbi
700 2579 748 2634 tilii
768 2579 849 2634 lsrael
872 2567 1029 2634 serviebant
1045 2579 1073 2632 iu
1132 2579 1200 2636 Audi
1216 2578 1338 2636 barennis
1351 2579 1471 2649 Apostoli
1485 2580 1641 2636 desideria:
1659 2580 1740 2636 «lieu
1756 2581 1856 2645 solutu,
1869 2581 1922 2647 ait,

295 2673 354 2728 lnte
377 2680 405 2727 et
423 2671 531 2736 latere,
567 2671 594 2726 id
618 2679 660 2726 est
682 2669 773 2725 cernis
794 2663 951 2740 voluptate;
970 2669 1080 2726 secundi
1132 2683 1245 2743 paratus
1256 2687 1316 2728 sunu
1332 2671 1437 2742 alligari
1452 2671 1481 2725 in
1494 2668 1658 2736 Jerusalem,
1671 2673 1719 2726 sed
1733 2681 1763 2725 et
1782 2674 1852 2726 rvnori
1870 2689 1923 2742 pro

269 2761 407 2818 ‘eosdem
433 2761 566 2832 persecuti
594 2768 659 2816 sunt
684 2761 712 2816 in
738 2761 847 2819 deserto
871 2775 921 2832 pre
945 2760 1080 2817 malitiose
1132 2763 1242 2819 nomine
1258 2761 1325 2817 lesu
1346 2760 1447 2817 Christi
1458 2760 1480 2815 1.
1497 2760 1591 2815 nundi
1615 2760 1773 2816 ullercutenv
1796 2777 1828 2816 se
1848 2774 1923 2816 mar-

298 2853 532 2916 ruermnretiune;
563 2851 661 2907 tertius
693 2851 720 2906 in
753 2853 899 2923 paradiso,
921 2855 967 2924 qui
996 2853 1081 2908 Evam
1134 2849 1719 2924 tyrio:‹Currramus‚ait,atlpropesitum
1732 2851 1812 2907 nubis
1830 2864 1924 2906 certa-

297 2937 406 2999 seduxit
428 2957 476 2998 sne
510 2941 671 2998 ealliditate.
694 2941 848 3000 Notandum
875 2945 947 3014 qued
976 2943 1003 2999 in
1030 2943 1083 2998 boc
1134 2960 1206 3013 men,
1220 2943 1423 3014 aspicientesiu
1438 2951 1575 2999 auctorem
1591 2942 1653 2998 lldei
1668 2953 1696 2998 et
1713 2953 1922 2999 consummato·

297 3031 675 3098 0111111111111100111111
695 3041 735 3090 iel
758 3033 902 3104 1111111111
918 3033 983 3090 llic:
1001 3052 1010 3086 t
1026 3035 1080 3090 De·
1095 3061 1118 3125 c
1133 3051 1192 3094 retu
1204 3035 1295 3092 lesum
1306 3036 1328 3091 1.
1343 3053 1352 3087 ι
1371 3033 1440 3089 1111
1454 3032 1616 3104 martyrium
1630 3031 1805 3088 sufferentem
1820 3048 1827 3086 ε
1843 3031 1925 3086 «Ter

298 3125 389 3184 mendi
406 3124 433 3180 in
447 3125 555 3181 bortum
574 3137 685 3190 nucum,
700 3132 730 3178 ut
745 3123 865 3180 uiderem
880 3138 957 3193 ponta
974 3124 1082 3178 connval·
1134 3124 1218 3194 virgis
1235 3137 1320 3179 catus
1337 3136 1409 3190 sum,
1423 3121 1506 3178 sevttel
1519 3119 1654 3193 lapidatus
1665 3135 1737 3190 tutu,
1752 3131 1793 3178 ter
1807 3120 1924 3178 eanfre-

297 3219 373 3284 liutu,
390 3225 421 3272 et
435 3215 598 3286 inspicerem
613 3215 635 3270 si
644 3212 797 3271 floruissent
813 3215 898 3270 vivacae
910 3213 955 3268 ¹·¹.
970 3232 979 3267 r
993 3214 1058 3269 item
1073 3233 1081 3270 a
1133 3216 1206 3288 pium
1219 3214 1269 3271 leci
1282 3215 1338 3268 ¹⁰.a
1522 3287 1526 3294 ι

299 3305 409 3363 «Ficus
437 3303 549 3376 protulit
579 3318 688 3374 grossos
727 3317 804 3359 suos.
834 3302 926 3358 line-e
953 3301 1082 3359 florentes
1171 3305 1293 3361 ibidulo
1308 3306 1354 3360 tibi
1370 3306 1530 3362 nlerumeo.

297 3399 409 3452 rariorem
431 3395 563 3452 dederuut
576 3394 597 3449 1.
613 3413 637 3466 ι,
651 3393 737 3460 ltere,
757 3393 783 3448 in
805 3390 932 3462 praesceti
955 3391 1014 3448 loeo
1040 3391 1081 3445 ti·
1169 3393 1262 3469 [lue]
1278 3394 1367 3451 ubera
1379 3405 1484 3451 cornutae
1496 3409 1558 3452 esse
1570 3396 1694 3451 doctores
1704 3391 1843 3450 Ecclesiae.
1858 3390 1926 3458 llaec

297 3489 406 3544 dcamus
422 3507 429 3543 ε
1021 3475 1023 3482 ’
1134 3486 1217 3542 ubere
1236 3483 1350 3541 bontm
1363 3484 1421 3552 det,
1435 3486 1496 3540 cum
1510 3494 1538 3540 et
1553 3482 1624 3540 lacta
1636 3493 1664 3541 et
1676 3482 1747 3540 dicte
1759 3484 1927 3553 praedicato-

332 3579 363 3636 Si
380 3579 472 3648 sternit
495 3578 580 3640 einen,
594 3577 617 3630 si
637 3575 715 3644 lieret
730 3573 834 3644 fructus
848 3575 964 3644 periurat.
989 3571 1082 3628 Prinne
1135 3589 1195 3630 rum
1217 3589 1328 3632 suorum
1342 3575 1369 3629 ia
1384 3573 1443 3642 eiua
1464 3573 1577 3630 exbibet
1599 3574 1771 3642 obsequium,
1787 3583 1818 3629 nt
1837 3587 1927 3629 noves
2022 3614 2024 3643 ,

296 3664 457 3736 simpliciter
467 3662 598 3720 diciturzr
611 3662 640 3716 si
650 3661 805 3717 duravissent
818 3662 939 3727 vincera
953 3657 1083 3725 secennio,
1135 3671 1267 3730 generent
1289 3661 1359 3716 lilios
1379 3660 1490 3716 dilecto.
1515 3659 1586 3716 Sunt
1599 3662 1682 3716 ubera
1701 3655 1845 3717 brutoium
1862 3663 1926 3716 arvi·

299 3776 310 3811 ι
324 3758 408 3814 vitreae
421 3753 545 3810 borentet
558 3751 667 3806 oderem
680 3750 852 3822 dederuut;v
868 3750 1083 3818 testimoniares
1136 3751 1259 3815 mallum,
1274 3761 1305 3806 nt
1323 3765 1470 3820 equarum,
1485 3765 1546 3822 qum
1561 3753 1647 3806 selum
1663 3739 1728 3808 srvos
1742 3752 1865 3808 nutriunt
1881 3752 1924 3809 le-

298 3849 400 3918 fruettu
424 3846 542 3916 pariunt.
557 3861 568 3894 a
585 3841 676 3896 l‘riute
696 3842 768 3896 enim
781 3840 907 3897 clarinus
920 3841 954 3895 ab
968 3838 1085 3894 bornini·
1136 3839 1598 3919 111111σιιυιιιιιωιιιιοιιιιιιιίιιιιι
1612 3839 1695 3905 letus,
1706 3851 1734 3896 et
1745 3829 1772 3897 in
1785 3841 1928 3896 hunuanus

299 3938 350 3990 bus
365 3935 444 4004 quati
469 3932 559 3989 iulans
574 3932 651 3987 boum
663 3931 763 3996 ¹indolis
775 3941 803 3986 et
816 3931 923 3986 ntundae
938 3930 1001 3984 vitae
1016 3929 1083 3984 sint·
1135 3932 1237 4003 aliquid
1257 3942 1387 4001 praestant
1406 3946 1482 4000 usus,
1497 3942 1528 3987 nt
1549 3947 1693 3988 vaccarum
1717 3942 1745 3988 et
1761 3935 1864 3989 ovium.
1890 3935 1927 3989 lit

299 4019 1090 4098 pliciterettaceeptut.Secundu‚quodnonpurusiterun·
1135 4032 1271 4094 suntque
1285 4023 1453 4079 suluretnode
1471 4031 1534 4079 suant
1551 4033 1613 4093 apta
1628 4021 1784 4080 nutriendis
1804 4025 1927 4079 bomini·
2022 4080 2023 4091 ¹

295 4115 560 4182 uternensem,
577 4129 625 4184 per
638 4112 769 4168 ‘vrviracule
782 4097 906 4181 agnitus.
923 4109 1026 4176 Tertio,
1042 4109 1085 4184 ei·
1134 4113 1197 4181 bus,
1212 4124 1241 4170 ut
1264 4112 1418 4180 mulierum,
1434 4113 1462 4168 ln
1482 4116 1577 4184 primis
1592 4115 1772 4185 designantur
1796 4115 1927 4170 bouvines

296 4208 358 4264 lese
374 4205 599 4275 sanguinantes
614 4199 1012 4274 aceeptusestivnmortelitatie
1028 4198 1086 4253 len·
1136 4217 1192 4262 ram
1215 4206 1307 4262 verbis
1330 4221 1412 4275 qrram
1433 4206 1553 4262 moribus
1576 4206 1711 4263 dissoluti.
1736 4205 1764 4260 lu
1781 4208 1926 4274 secundis,

297 4305 367 4354 aas.
383 4296 498 4368 Propter
511 4296 561 4351 bos
576 4294 657 4350 bures
680 4293 806 4350 dicebat:
822 4309 832 4344 t
847 4291 904 4362 ligo
919 4291 969 4348 llos
981 4292 1084 4360 cartvpi,
1137 4295 1227 4352 verbis
1239 4292 1340 4360 ornati,
1356 4293 1403 4348 sed
1419 4294 1539 4349 risoribus
1553 4296 1687 4366 dissipati.
1706 4296 1734 4350 ln
1751 4297 1849 4362 tertiis,
1866 4306 1926 4352 tam

295 4395 326 4447 et
336 4387 597 4452 lilium-convallium
606 4386 628 4440 1.
641 4405 651 4439 ι
664 4384 762 4442 billum
773 4384 936 4454 convallium
948 4383 1008 4449 luit,
1018 4382 1082 4451 qnia
1097 4383 1122 4443 li
1136 4385 1225 4439 verbis
1237 4397 1319 4452 quara
1334 4382 1453 4437 trieribus
1470 4383 1621 4454 conpositi.
1779 4393 1782 4398 ·

297 4478 408 4544 btvrvnilis
418 4477 448 4532 iu
462 4478 596 4533 castitate.
609 4475 673 4534 Flet
686 4475 774 4544 eantpi
790 4475 849 4539 luit,
866 4474 912 4545 qni
928 4485 970 4530 est
985 4475 1012 4528 in
1026 4474 1084 4528 evi·
1169 4471 1252 4526 l’rivui
1267 4469 1340 4524 euim
1353 4468 1403 4524 sibi
1412 4455 1515 4526 similes
1525 4481 1629 4526 tuntum
1648 4472 1925 4545 laeiumdiscipnles;

227 4619 229 4624 .
279 4568 385 4635 ·devtti;
399 4549 481 4636 qnam
504 4566 599 4621 dicuat
622 4580 683 4622 esse
705 4565 821 4632 violam,
835 4565 898 4633 quia
925 4563 1083 4618 martilestes
1118 4554 1256 4626 'secundi
1270 4561 1478 4616 couversatione
1492 4561 1603 4627 simite,
1616 4566 1663 4618 sed
1676 4564 1766 4620 verbis
1778 4559 1924 4634 diversos,

297 4657 386 4714 factrus
398 4664 442 4712 est
455 4655 648 4714 miraculorum
659 4657 827 4727 operatione.
843 4655 879 4710 be
889 4653 957 4710 llere
967 4656 1082 4710 dicitnra
1135 4653 1220 4716 terti,
1233 4662 1262 4708 et
1276 4651 1366 4706 verbis
1376 4661 1405 4706 et
1415 4651 1536 4734 moribus
1550 4653 1605 4708 lico
1620 4663 1758 4724 acceptos.
1772 4655 1812 4711 be
1825 4657 1925 4726 primis

300 4767 310 4800 ι
330 4745 428 4808 bvvdite
441 4757 496 4810 me,
510 4743 594 4797 divini
610 4741 724 4810 fructus,
740 4753 769 4799 et
789 4743 866 4822 quasi
884 4758 946 4799 rosa
961 4742 1082 4813 plantate
1134 4746 1234 4801 dicitur
1249 4763 1257 4800 ι
1272 4761 1282 4796 t
1298 4741 1352 4797 Sed
1365 4751 1393 4797 et
1405 4743 1494 4798 lande
1509 4737 1682 4800 laudaverunt
1705 4757 1867 4814 mammam,
1884 4748 1926 4803 la·

298 4851 381 4903 snper
409 4834 483 4889 rivet
503 4831 701 4890 tanctiucueb
714 4852 731 4906 ιΙ
742 4835 885 4906 Ιριοριιίιιι
900 4833 951 4890 luit
965 4849 1025 4890 rosa
1039 4849 1084 4889 re·
1135 4828 1278 4894 ctavcruut
1300 4835 1405 4891 eatvrlue
1428 4826 1558 4889 suos¹¹.r
1575 4832 1611 4889 be
1626 4835 1752 4891 scenrndis
1771 4837 1836 4892 illud
1855 4839 1928 4893 lize-

299 4927 366 4980 bens
380 4923 510 4992 sunguine
533 4923 559 4978 in
580 4925 715 4994 pastione.
738 4925 799 4980 liivi
819 4927 952 4994 aquarum
967 4933 1030 4980 suvtt
1045 4925 1085 4979 di·
1135 4927 1251 4981 cbielis:
1270 4943 1279 4976 ι
1293 4924 1438 4979 sortiracta
1457 4932 1520 4979 suut
1533 4922 1618 4978 ubera
1632 4925 1782 4992 pubertatis
1797 4936 1852 4981 tua
1865 4928 1897 4980 ¹¹.
1913 4947 1925 4978 ι

298 5028 378 5070 versa
393 5013 462 5068 bona
476 4999 638 5082 gratiarum.
662 5015 751 5084 Super
767 5014 820 5086 bis,
834 5029 888 5069 nort
903 5017 954 5070 sub
970 5015 1012 5069 bis
1026 5016 1085 5082 ipse
1136 5016 1224 5073 Pubes
1235 5009 1332 5071 dicitnr
1341 5017 1450 5081 leuuua,
1463 5019 1572 5087 quaudo
1582 5017 1684 5087 estvivi
1696 5028 1803 5086 potens,
1817 5029 1846 5073 ct
1858 5032 1928 5089 apta

264 5179 267 5187 Ι
298 5103 360 5168 luit,
375 5109 468 5172 utpute
481 5098 612 5155 Dominus
625 5103 745 5156 omnium
761 5105 923 5173 gratiarum,
936 5102 1086 5158 lructilica·
1136 5108 1171 5162 ad
1189 5108 1336 5177 gignendos
1348 5109 1520 5178 lvliusaquod
1531 5107 1610 5164 babet
1625 5110 1789 5178 praedicator
1801 5126 1852 5179 per
1865 5129 1930 5166 ser-

299 5191 391 5268 vitque
408 5193 570 5250 vmriendoa
585 5191 710 5246 vitamet
727 5193 777 5247 sibi
795 5203 823 5248 et
837 5191 913 5246 uobis
928 5192 1084 5261 acquisivit.
1137 5209 1255 5249 mertem.
1273 5194 1327 5250 Sed
1342 5197 1482 5252 confracta
1501 5193 1559 5264 eius
1573 5199 1667 5260 ubera,
1681 5197 1704 5250 ei
1720 5197 1820 5252 vrnalarn
1842 5183 1932 5254 babet

299 5285 444 5340 llirleamns
464 5298 529 5364 ergo
542 5284 565 5338 ti
579 5284 658 5353 floret
676 5283 778 5352 lrnctrts
792 5285 914 5351 pariunt.
941 5283 1085 5354 Triplicem
1138 5287 1381 5341 conversationem.
1400 5287 1436 5342 lle
1451 5288 1581 5343 tertiisav
1599 5287 1656 5341 buu
1679 5286 1763 5342 ubera
1789 5298 1834 5343 tua
1859 5301 1938 5348 serit

298 5393 331 5434 es
347 5377 390 5431 bis
401 5373 515 5431 boribus
533 5372 652 5430 fructum
672 5383 861 5444 exspectamus
873 5389 880 5425 ε
894 5369 1011 5428 lructntu
1029 5373 1086 5448 rir-
1139 5377 1193 5431 duo
1203 5375 1309 5431 biunuli
1324 5392 1428 5449 capreae
1441 5377 1550 5446 gemelli
1560 5377 1595 5442 11,
1606 5395 1616 5428 ι
1628 5388 1739 5448 propter
1746 5379 1847 5432 bertam
1858 5394 1932 5434 eora-

333 5505 481 5565 ”tnnn
514 5503 667 5567 vuonna.
704 5476 855 5564 ”asnaa
886 5507 1065 5566 ¹⁰maante.
1105 5510 1273 5577 emmae
1302 5510 1455 5566 amnne.
1504 5511 1595 5567 muru.
1634 5510 1797 5570 vscerum.
1847 5515 1930 5573 mna.

252 5680 255 5686 Ι
303 5575 570 5702 11ὲω111141ιιιιι11.
607 5575 716 5632 ’decli
742 5579 787 5634 ti.
823 5580 970 5634 111111.
1008 5579 1187 5636 11111111.
1238 5580 1291 5634 1111
1306 5579 1431 5636 Coeli.
1480 5581 1666 5638 ¹¹lbreu.l.
1718 5581 1930 5644 1111111115.
