4125 6334
177 291 248 354 lm

654 297 833 356 eetsroLAE
849 301 895 357 ΕΤ
913 305 1120 364 enittendis.
1139 341 1173 352 -
1188 313 1245 370 AN.
1266 317 1343 374 ttae.

1737 342 1806 402 libb

176 414 320 476 miserant,
332 411 450 481 quaeram
466 413 775 471 neccairarisrrotenrta
788 418 964 476 retrahendo.
979 440 1004 500 Α
1018 422 1151 478 citaretur
1179 427 1212 481 ad
1237 441 1360 496 causam,
1385 435 1456 492 sicut
1479 441 1558 498 nobis
1576 447 1634 502 suis
1662 448 1762 511 litteris
1778 470 1807 514 et

174 503 312 560 Praeterea
335 503 467 573 majorem
487 505 630 560 ecclesiam
645 522 707 562 earn
729 511 900 568 multitudine
921 529 965 568 ar·

175 606 313 652 matorum
337 598 517 670 aggrediens,
531 598 605 654 lares
618 602 731 671 capitali
744 619 794 675 per
807 606 964 663 uiolentiam

174 688 311 759 confringi
326 697 355 744 et
370 692 505 761 asportari
519 690 593 758 lecit,
605 701 634 748 et
649 695 719 749 bona
730 697 922 755 canonicorum
936 707 964 754 et

174 777 340 836 clericorum
367 781 496 850 plurium,
521 783 627 851 perires
651 800 715 841 suas
732 795 788 842 tam
806 789 832 843 in
847 791 962 846 ecclesia

174 857 258 942 guam
283 873 310 928 ira
344 874 514 929 tiresauraris
547 875 584 929 ibi
610 878 803 946 deposuerant,
829 881 893 936 lecit
915 899 964 952 per

172 966 323 1035 potentiam
350 965 479 1020 detineri.
507 965 561 1024 Pro
584 969 684 1039 quibus
708 973 835 1029 omnibns
861 974 963 1031 Ebura·

174 1069 257 1112 oense
271 1054 416 1124 capitulum
431 1057 466 1111 ad
481 1070 602 1114 nostram
615 1065 788 1130 presentiam
802 1066 960 1136 appellarit.

172 1146 361 1216 Comperimus
386 1146 469 1202 etiam
495 1164 530 1204 ex
562 1154 719 1210 testimonio
744 1157 959 1225 pradicromm,

170 1238 242 1307 qnod
259 1236 386 1292 ecclesiis
397 1240 563 1310 quandoque
583 1246 763 1310 vacantibus,
781 1257 961 1317 praesentatas

170 1329 223 1385 sibi
238 1330 273 1385 ab
295 1331 339 1387 bis
358 1333 392 1386 ad
413 1348 485 1403 quos
496 1338 677 1404 presentatio
698 1341 816 1410 pertinet
829 1359 960 1415 personas

170 1421 282 1478 idoneas
295 1440 350 1480 uon
369 1425 512 1492 arlmittit;
529 1431 636 1485 sedeas
653 1442 701 1486 ant
716 1435 809 1504 pueris
826 1447 854 1492 et
869 1439 959 1494 miuus

168 1511 294 1570 honestis
320 1519 449 1582 personis
473 1520 605 1591 assignat,
625 1538 694 1580 usus
717 1528 819 1594 pariter
834 1537 862 1584 ct
886 1545 956 1600 prm-

168 1607 308 1664 sentantis
333 1618 362 1666 et
393 1610 561 1667 instituentis
576 1613 676 1681 allicio,
703 1627 750 1673 ant
773 1619 841 1676 lacit
860 1636 907 1678 eas
925 1627 958 1680 de

168 1699 228 1753 sola
257 1701 397 1757 voluntate
424 1718 535 1767 pacare,
558 1716 588 1759 ιιι
609 1721 705 1762 earum
733 1709 839 1769 lructus
863 1717 957 1774 usibus

1019 513 1126 570 nuntiis
1149 515 1302 586 inornavit,
1319 524 1410 580 sedem
1430 533 1536 587 curavit
1562 539 1739 605 apostolicam
1758 561 1807 619 ap-

1019 606 1126 675 pellare
1142 620 1190 666 :et
1206 627 1254 669 ros
1268 616 1292 669 ei
1310 617 1344 672 ad
1361 627 1580 694 prosequendam
1595 633 1805 702 appellationem

1017 693 1155 754 liniendas
1180 699 1300 760 ianuarii
1320 721 1371 776 pro
1387 713 1503 769 termino
1523 719 1682 790 assignastis
1698 744 1705 780 z
1721 725 1806 798 ipsius

1020 783 1160 845 laboribus
1181 798 1209 846 et
1232 798 1359 864 expensis
1385 815 1499 870 parcere
1512 807 1697 880 disponentes,
1714 832 1746 873 ae
1773 822 1806 875 ti·

1018 887 1135 945 anantes,
1162 882 1185 937 si
1202 881 1244 954 [f.
1258 901 1292 940 ne
1305 887 1348 960 sil
1374 894 1468 949 aestivo
1495 905 1617 969 tempure
1638 905 1672 960 ad
1701 907 1804 966 Urbem

1016 969 1170 1038 accederet,
1197 975 1306 1044 alitpuod
1320 997 1443 1052 personae
1458 987 1543 1060 ipsius
1570 1009 1604 1050 cx
1630 998 1702 1056 acris
1721 1001 1805 1059 incle-

1015 1060 1119 1115 mentia
1145 1065 1296 1134 perieulum
1326 1078 1495 1148 proveniret,
1525 1097 1597 1152 cum,
1623 1088 1694 1146 sieut
1723 1095 1805 1152 nobis

1015 1149 1173 1210 intimatum
1206 1159 1306 1230 luerat,
1327 1165 1381 1221 iter
1398 1171 1558 1241 arripuisset
1579 1181 1613 1234 ad
1631 1183 1723 1241 sedem
1736 1201 1803 1256 apo-

1014 1242 1139 1299 stolicam
1159 1251 1296 1319 veniendi,
1311 1265 1340 1311 et
1361 1271 1474 1328 paratus
1491 1267 1622 1324 existeret
1641 1272 1675 1328 de
1688 1275 1804 1346 objectis

1013 1335 1066 1390 sibi
1080 1338 1243 1399 criminibus
1262 1351 1437 1419 respondere,
1457 1355 1491 1412 de
1510 1358 1588 1415 solita
1605 1364 1678 1420 sedis
1692 1379 1804 1437 aposto·

1012 1427 1073 1486 licae
1086 1433 1258 1506 benignitate
1276 1451 1475 1518 prosequendae
1489 1455 1680 1523 appellationis
1694 1463 1728 1519 ab
1745 1466 1803 1535 ipso

1013 1536 1100 1593 nsque
1121 1527 1156 1581 arl
1179 1528 1298 1590 Octavus
1316 1537 1392 1594 Beati
1409 1539 1518 1600 blartini
1538 1551 1665 1618 proximo
1689 1570 1803 1625 prater-

1012 1614 1098 1672 ituras
1112 1622 1256 1678 terrrrinurn
1266 1627 1603 1707 duxituusprorogarrdnm
1615 1659 1622 1708 ;
1636 1648 1727 1701 omnia
1741 1664 1801 1719 qrrrc

1012 1702 1123 1764 luerunt
1142 1725 1237 1768 contra
1256 1732 1319 1774 cunr
1338 1721 1492 1792 impetrata,
1517 1735 1651 1802 usquead
1674 1741 1800 1802 eumdem

169 1789 256 1857 ipsius
278 1791 460 1861 applicentur,
487 1802 514 1850 et
528 1796 601 1864 qnod
623 1802 819 1858 sustentationi
843 1806 959 1875 alicrrp'us
974 1809 996 1864 Β
1013 1800 1159 1856 terminum
1183 1810 1392 1878 suspendentes,
1417 1824 1446 1872 et
1473 1833 1634 1882 reuocantes
1654 1828 1680 1882 iu
1697 1839 1798 1888 statum

167 1884 379 1940 nonsarcremr
391 1885 551 1955 damnatur,
564 1888 616 1943 nur
634 1905 688 1945 non
709 1895 804 1948 merua
824 1898 955 1956 serraca.
1010 1889 1158 1958 prlallaaaa
1172 1897 1303 1968 quanqum
1317 1914 1414 1959 appara
1428 1923 1490 1964 aaa
1508 1926 1571 1982 pasl
1588 1920 1798 1988 appellationes

165 1975 332 2046 lrljecerunt
345 1977 440 2041 etiarn,
458 1980 604 2050 quodcum
617 1983 768 2053 spiritualia
785 1989 854 2044 dona
868 1994 955 2062 gratis
1010 1980 1044 2034 ad
1070 1997 1120 2038 nos
1145 1987 1336 2060 interpositam
1359 1999 1481 2066 priorum
1510 2004 1663 2064 litterarum
1684 2015 1797 2072 obtentu

165 2069 323 2125 debeautet
335 2071 395 2126 sins
408 2073 544 2141 pravitate
555 2074 694 2144 distribui,
718 2077 879 2149 frequenter
892 2098 954 2138 cum
1009 2068 1106 2127 inisset
1124 2089 1139 2128 a
1162 2079 1239 2134 nubis
1264 2083 1303 2136 ecl
1322 2084 1384 2141 aliis
1402 2090 1585 2150 immutatum.
1611 2097 1694 2159 Vobis
1712 2107 1796 2163 etiarn

165 2161 249 2215 donat
264 2160 423 2230 ecclesiam,
438 2174 487 2219 ant
502 2181 562 2221 eam
577 2171 677 2223 scindit
691 2184 742 2237 per
752 2181 845 2240 partes
858 2182 954 2229 contra
1008 2173 1058 2228 per
1080 2166 1230 2232 ai¹⁰⁵¹⁰¹llll
1257 2175 1359 2244 scripta
1385 2180 1514 2240 distincte
1534 2191 1739 2261 mandarimus,
1758 2208 1797 2266 ul,

163 2260 266 2308 smum
281 2254 424 2320 canonica,
437 2255 479 2310 vep
496 2257 523 2311 p„
536 2273 568 2313 e,
583 2259 635 2316 ,ppp
650 2277 750 2316 „ovam
763 2273 790 2318 eg
804 2265 953 2320 indebitam
1008 2251 1061 2306 nisi
1079 2253 1106 2308 iu
1120 2255 1232 2315 Oetaeis
1248 2261 1342 2319 Sancti
1364 2266 1473 2327 Martini
1489 2287 1583 2334 nostro
1595 2289 1752 2353 conspectui
1768 2303 1799 2346 ss

164 2346 264 2401 regna
278 2347 475 2415 possessionem
487 2346 499 2420 [
510 2349 531 2418 p,
545 2351 765 2426 pensionem],et
776 2357 954 2428 quamppuoes
1007 2357 1195 2415 praesentaret,
1218 2353 1296 2424 juxta
1317 2356 1434 2416 sormam
1459 2366 1555 2433 primae
1577 2378 1796 2447 commissionis,

162 2439 428 2504 “coffinumpfflws'
442 2441 486 2497 vep
500 2458 661 2514 suspensos,
687 2463 741 2502 „on
759 2450 812 2505 „535
836 2452 952 2521 [munga
1007 2437 1114 2495 sublato
1136 2444 1281 2512 cujuslibet
1301 2455 1527 2514 contradictionis
1549 2472 1577 2517 et
1606 2468 1797 2537 appcllationis·

163 2531 365 2589 interveniente
388 2534 508 2591 absoluit
532 2554 539 2590 ι
571 2539 691 2608 religiosi
715 2556 782 2596 uero
801 2543 952 2600 etbonosti
1006 2527 1159 2593 ⁰¹¹⁵¹³⁰¹¹¹⁰a
1187 2543 1335 2607 proceriore
1360 2545 1513 2604 nullatenus
1537 2552 1680 2615 difformis.
1697 2561 1795 2621 Verona

162 2624 215 2680 „psi
242 2624 270 2679 p„
293 2637 442 2698 conspecu,
465 2630 524 2698 ejus
537 2629 657 2699 despecti
679 2641 707 2688 eg
732 2637 953 2706 congenmppgpes
1005 2621 1136 2719 tpuoniam
1150 2637 1563 2710 memoratusarchiepiscopus,
1578 2647 1795 2723 abusnspaticu·

163 2714 374 2782 llunt3rileset
393 2731 530 2790 suspectae
549 2737 672 2792 personae
691 2726 725 2780 de
745 2725 953 2783 laeililamilia.
1006 2716 1043 2762 lta
1072 2722 1177 2780 nostra,
1203 2723 1300 2776 nccad
1323 2723 1472 2783 limnauarn
1495 2733 1643 2794 Ecclesiam
1665 2748 1794 2816 accessit,

161 2806 272 2862 ritatem
289 2807 349 2878 ejus
372 2819 400 2864 et
414 2812 529 2878 gratiam
545 2823 740 2880 assequuntur.
758 2813 813 2870 Nus
837 2830 903 2870 vcro
918 2815 952 2871 tle
1004 2815 1056 2858 ¹¹0⁰
1073 2811 1254 2875 ll²⁸ll⁰¹l⁵l¹⁶lll
1279 2813 1398 2885 aliquem
1422 2822 1580 2893 destinarit,
1603 2833 1648 2900 qui
1677 2837 1719 2892 rel
1734 2838 1794 2908 ejus

162 2898 321 2954 rumoribus
350 2907 405 2954 m„
428 2899 551 2972 prosam,
576 2902 677 2958 auppgps
704 2919 759 2959 „011
783 2905 878 2970 gemet,
902 2905 950 2961 sed
1002 2895 1155 2954 absentiam
1169 2917 1325 2973 ercrrsaret,
1346 2925 1407 2966 curn
1423 2929 1484 2970 eum
1503 2935 1554 2974 nun
1574 2925 1709 2982 modicum
1723 2931 1793 2988 ultra

160 2992 270 3062 saepius,
287 3001 315 3050 ct
337 3000 392 3048 tam
409 2995 602 3065 predictorum
616 3013 698 3068 apuam
719 2999 836 3054 aliorum
857 3001 950 3070 praua.
1002 2991 1144 3060 praedarum
1168 2998 1219 3053 sibi
1240 3002 1385 3059 terminum
1410 3009 1628 3074 misericorditer
1654 3028 1795 3082 curaveri-

160 3091 263 3150 rofum,
274 3085 302 3139 in
319 3100 402 3155 regno
415 3086 528 3155 sagita,
542 3095 570 3142 et
584 3087 612 3142 in
628 3087 795 3145 Eboracensi
810 3091 949 3160 pruvincia
1004 3099 1065 3139 mus
1090 3100 1260 3156 exspectare,
1279 3093 1342 3149 licet
1365 3111 1398 3153 eo
1422 3100 1481 3170 ipso
1505 3105 1629 3165 rideatur
1648 3114 1793 3176 consessus

160 3177 315 3248 positorum
337 3176 449 3243 litteris,
471 3180 573 3234 nostris
588 3178 701 3236 auribus
725 3181 895 3252 lreqrreatius
909 3183 949 3235 irr-
965 3151 987 3210 c
1003 3169 1037 3224 (¹0
1054 3173 1181 3244 crimine,
1199 3181 1271 3248 qnod
1292 3193 1385 3238 ¹¹⁰⁸¹l⁰
1404 3203 1434 3243 ⁸⁰
1451 3199 1607 3263 ⁰⁰⁰⁸ll⁰⁰llll
1628 3214 1793 3268 presentare

159 3270 286 3336 calcatis,
304 3270 428 3326 nolentes
438 3286 501 3326 eura
517 3289 533 3326 a
548 3273 606 3328 suis
622 3274 782 3330 excessibus
798 3275 948 3342 deterrere,

159 3372 188 3418 et
202 3363 236 3418 ad
252 3363 455 3434 exsequendum
471 3366 617 3434 pastoralis
636 3366 717 3422 ollrcii
733 3367 853 3440 debiturn
869 3384 949 3425 reno·

159 3477 253 3518 care:
281 3453 484 3532 inquisitionem
508 3465 588 3520 laniae
617 3466 702 3536 ipsius
726 3469 802 3524 robis
820 3471 950 3528 duximus

159 3555 396 3620 committendam,
413 3565 443 3610 ut
461 3557 619 3611 conuocatis
635 3557 790 3625 abbatibus,
808 3569 836 3614 et
849 3561 950 3630 priori·

1005 3262 1166 3334 neglexerit,
1185 3269 1272 3338 ipsum
1289 3275 1322 3328 ab
1339 3291 1388 3332 rrsu
1400 3281 1488 3349 pallii,
1506 3293 1534 3339 ct
1547 3291 1791 3368 ornnisepiseopa·

1001 3351 1035 3408 lis
1049 3355 1130 3412 ollrcii
1145 3365 1332 3434 exsecutione,
1356 3385 1371 3423 a
1394 3373 1598 3435 ministratione
1613 3398 1721 3456 quoqne
1736 3400 1790 3449 taur

1001 3445 1187 3513 spiritualium
1210 3469 1291 3524 qnam
1317 3466 1519 3534 temporalium,
1545 3482 1572 3526 et
1596 3473 1791 3540 berrcliciorurn

1000 3541 1178 3610 perceptione
1193 3545 1278 3616 ipsius
1293 3550 1474 3614 Eboraccnsis
1489 3561 1628 3631 Ecclesia,
1643 3581 1669 3625 ct
1681 3579 1791 3642 provin·

159 3647 222 3711 bus,
249 3653 278 3702 et
303 3646 365 3704 aliis
393 3647 589 3704 ecclesiasticis
615 3651 740 3716 personis
769 3651 949 3710 Eboracensis
999 3629 1060 3733 ‚Q
1075 3633 1202 3737 {mim
1225 3646 1472 3743 suspendendum:
1495 3663 1523 3708 ul
1539 3657 1685 3718 sicsaitem
1702 3681 1719 3721 a
1734 3683 1790 3725 sum

159 3738 298 3804 diaecesis,
311 3739 485 3808 inquireretis
497 3740 530 3795 de
541 3740 692 3809 premissis
705 3741 863 3810 diligentius
876 3744 948 3799 veri-
1000 3733 1156 3828 ''J'‘l'ff'ffills
1172 3735 1324 3838 pertruaris
1340 3739 1504 3810 llssltllscens
1517 3785 1525 3812 ‚
1547 3753 1686 3811 canonice
1708 3773 1788 3815 seue-

159 3841 253 3898 tatem,
269 3833 332 3888 etsi
348 3843 521 3888 accusatores
533 3832 647 3904 legitimi
661 3835 841 3903 procederent
852 3847 947 3892 contra
999 3822 1092 3872 ΠΜ
1103 3831 1247 3928 celwlfi
1268 3842 1295 3930 {¹¹
1309 3841 1339 3884 ⁸⁰
1360 3845 1413 3886 '¹⁰¹¹
1430 3837 1523 3907 “llll
1538 3841 1636 3899 f0lllll⁸
1651 3852 1787 3907 exerceri.

158 3939 231 3990 eum,
251 3923 353 3980 auditis
376 3939 437 3994 rprm
454 3934 672 3995 proponerentur
690 3926 754 3981 biae
767 3935 796 3981 et
819 3928 902 3996 iude,
920 3940 947 3984 et
997 3901 1276 3977 ¹de⁰l'¹⁰d¹⁵⁰l0¹¹⁰¹¹¹
1288 3927 1384 3978 vellii)
1392 3931 1594 3998 lellll⁰ll⁰ll⁰³
1602 3937 1702 4010 scripta
1712 3957 1789 3998 aran-

159 4016 372 4086 depositionibus
397 4017 506 4072 testium
522 4018 643 4072 redactis
660 4018 688 4072 in
713 4019 892 4088 scriptis,eas
907 4021 948 4076 si·
998 3997 1103 4106 damus,
1120 4011 1531 4086 atquepracipirnrrs‚qrratenus
1548 4040 1788 4100 semperstantes

158 4106 283 4175 gillarum
307 4115 463 4162 aestrorum
487 4109 609 4178 signatas
633 4109 785 4164 munimine
805 4110 946 4166 adsedem
998 4094 1128 4150 ⁸⁶⁰¹²⁸¹³⁸
1149 4099 1327 4204 ΨΟΓΜΙΠΒῙΒ
1339 4107 1466 4166 dimili
1478 4119 1660 4186 etproriueim
1673 4139 1788 4197 suspen·

157 4197 337 4268 apostolicam
353 4198 542 4254 transmittere
561 4199 716 4268 deberetis;
732 4202 871 4271 assignato
883 4218 948 4272 par·
997 4197 1060 4289 ΜΨ
1075 4199 1090 4239 a
1107 4188 1184 4290 uobrs
1195 4193 1304 4259 publrce
1320 4200 1450 4256 llllllllells
1465 4220 1472 4256 τ
1489 4209 1616 4265 onrrribns
1631 4214 1739 4273 clericis
1759 4231 1787 4276 er

157 4290 231 4346 tibus
249 4291 365 4347 termino
377 4290 553 4360 competenti,
581 4306 634 4362 qno
654 4293 690 4348 ad
708 4293 870 4349 audiendam
884 4309 947 4349 seu-
997 4275 1077 4382 billi
1093 4281 1214 4346 ejusdem
1238 4287 1388 4354 prouincia
1410 4306 1443 4346 llll
1459 4307 1538 4364 blrte
1561 4311 1658 4358 nostra·
1680 4307 1786 4366 lrrnrins

157 4381 270 4436 tentiam
293 4391 387 4437 nostro
411 4394 442 4435 se
472 4382 631 4450 conspectui
652 4392 860 4453 praesentarent.
888 4383 946 4439 llue
997 4383 1184 4442 rupuugeutcs,
1205 4391 1239 4431 ne
1261 4378 1313 4447 llll
1332 4383 1543 4458 archiepiscopo
1559 4393 1602 4446 rel
1622 4395 1784 4457 officialibus

155 4471 358 4528 attenuarem
380 4471 480 4528 rursm
502 4474 677 4530 arenearum
692 4475 777 4532 ruisse
798 4477 943 4544 aaronem,
961 4501 984 4556 Β
1000 4461 1060 4529 aias
1083 4462 1111 4516 la
1134 4467 1331 4535 aarapaaalilaas
1345 4474 1387 4528 val
1408 4476 1598 4545 spiritualibus
1622 4492 1784 4556 raspaalaaa

155 4561 853 4636 senescentumaeramentumranapunrrca
873 4568 946 4625 race-
998 4565 1187 4623 prasanaal,
1216 4559 1303 4618 danae
1333 4565 1366 4620 la
1393 4567 1451 4635 iraa
1478 4571 1684 4648 aralalaplsaapa
1709 4581 1783 4640 allal

158 4661 201 4709 ret
226 4663 322 4708 contra
339 4666 417 4719 euru,
442 4656 638 4725 purgationem
667 4657 753 4726 ipsius
774 4675 836 4715 cum
859 4662 946 4718 tribus

155 4746 292 4816 episcopis
305 4755 334 4802 et
345 4746 461 4802 totidem
473 4747 627 4814 abbatibus,
637 4748 745 4804 sublato
758 4750 946 4819 appellationis

155 4837 310 4902 obstaculo,
326 4839 449 4894 indicere
464 4836 647 4894 curaretisln
661 4854 715 4909 qua
728 4841 751 4897 si
765 4841 836 4900 lorte
846 4842 945 4900 delice-

154 4938 208 4994 ret,
223 4929 314 5000 ipsum
333 4928 369 4984 ab
385 4930 616 5001 archiepiscopali
630 4932 719 4990 obicio
731 4944 760 4990 et
770 4935 945 4994 administra-

158 5023 233 5078 tione
250 5037 424 5093 suspensum,
443 5034 538 5080 nostro
555 5024 683 5082 feceretis
697 5029 858 5099 conspectui
872 5044 944 5100 prae·

157 5112 281 5180 serrtari;
300 5113 324 5168 si
344 5128 409 5170 tero
431 5115 654 5188 archiepiscopus
668 5129 851 5185 memoratus,
868 5127 945 5174 ante·

157 5218 237 5272 qnam
253 5204 349 5261 citatio
362 5214 452 5262 vestra
471 5208 629 5277 perueniret
640 5212 676 5264 ad
692 5209 791 5280 ipsum,
804 5213 838 5267 ad
851 5212 944 5266 sedern

156 5295 333 5362 apostolicam
354 5299 514 5366 appellaret,
529 5299 648 5355 induciis
665 5300 690 5355 ei
708 5302 791 5356 trium
808 5303 942 5358 mensium

156 5385 280 5452 indultis,
301 5389 325 5444 si
351 5389 423 5444 inira
448 5406 497 5447 eos
516 5392 708 5463 interpositam
733 5394 942 5464 appeliationem

152 5481 282 5547 prosequi
307 5482 458 5552 negligeret
480 5485 523 5540 rel
546 5484 681 5550 differret,
701 5485 789 5556 ipsum
813 5487 847 5540 ab
865 5486 941 5542 omni

155 5569 306 5636 pontilicali
328 5572 418 5628 allicio
441 5583 470 5629 et
493 5578 745 5646 archiepiscopatus
772 5578 943 5636 administra·

153 5657 229 5715 tione
258 5671 352 5719 nostre
387 5665 552 5724 nuntiaretis
575 5671 740 5727 auctoritate
767 5685 940 5739 suspensum.

152 5746 223 5817 Quia
237 5765 302 5808 roro
315 5753 386 5809 idem
407 5758 642 5833 archiepiscopus,
657 5775 805 5834 antequam
821 5778 869 5836 per
890 5777 940 5820 ros

311 5847 446 5911 Parnon.
468 5851 571 5919 ctt'r.

997 4645 1157 4705 duxerimus
1177 4657 1364 4711 statuendum.
1391 4659 1550 4719 blandarnus
1577 4677 1667 4723 autem
1689 4682 1716 4726 et
1735 4690 1784 4744 per
1851 4641 1859 4659 ἱ

996 4754 1045 4796 ros
1058 4742 1180 4799 volumus
1198 4746 1224 4800 in
1247 4747 1413 4808 Eboracensi
1429 4755 1541 4812 dioecesi
1565 4761 1697 4826 nuntiari,
1715 4775 1743 4822 ut
1758 4771 1783 4823 si

995 4830 1111 4886 lorsitau
1128 4833 1201 4889 inter
1213 4836 1319 4906 aliquos
1331 4845 1495 4911 qrracstioues
1511 4851 1613 4907 moneri
1632 4856 1781 4928 contingat,

995 4935 1065 4990 quas
1084 4924 1274 4986 ecclesiastico
1295 4933 1398 5000 judicio
1426 4941 1567 4995 conveniat
1584 4949 1733 5014 terminari,
1746 4953 1783 5004 arl

996 5015 1166 5074 audientiam
1183 5021 1273 5078 dilecti
1295 5026 1343 5082 lilii
1357 5031 1446 5086 nostri
1460 5029 1580 5090 Simonis
1600 5037 1781 5098 Eboraccnsis

995 5108 1101 5176 decani,
1117 5114 1160 5168 cui
1188 5129 1250 5170 cum
1279 5117 1393 5174 consilio
1416 5125 1610 5182 canonicorum
1635 5129 1662 5184 in
1684 5133 1780 5186 eadem
1841 5159 1845 5168 ·

994 5201 1110 5256 ecclesia
1130 5205 1322 5278 residentium,
1336 5219 1363 5267 ct
1385 5212 1547 5270 clericorum
1563 5232 1690 5276 excessus
1705 5237 1780 5278 com-

994 5294 1129 5352 mittimus
1148 5300 1338 5372 corrigendos,
1355 5313 1383 5361 ct
1407 5305 1570 5377 litigantium
1592 5319 1648 5365 tam
1663 5311 1780 5368 clerico-

993 5401 1055 5442 rum
1090 5405 1172 5460 quam
1203 5393 1337 5451 laicorum
1366 5401 1567 5456 controuersias
1596 5402 1778 5474 decidendas,

992 5480 1125 5550 reseram,
1155 5484 1239 5554 ipsius
1264 5488 1395 5558 judicium
1412 5494 1564 5562 suscepturi
1589 5495 1729 5553 bunriliter
1751 5510 1779 5554 et

992 5575 1109 5630 srrrnitcr
1125 5578 1271 5632 servaturi.
1287 5579 1327 5634 art
1344 5581 1413 5648 broc,
1428 5587 1530 5651 omnia,
1545 5603 1605 5656 rpuae
1617 5593 1778 5647 maturitate

992 5668 1146 5724 litterarum
1154 5679 1321 5740 nostrarum,
1332 5682 1478 5746 antequam
1490 5678 1523 5732 ad
1535 5693 1583 5734 uos
1596 5684 1777 5736 sccundarmn

994 5763 1094 5819 notitia
1109 5765 1296 5835 pervenisset,
1312 5781 1394 5838 super
1408 5771 1525 5842 negotiis
1542 5775 1669 5828 eumdem
1690 5775 1777 5830 aubi·

1582 5863 1621 5955 ii
