4125 6334
284 327 338 396 tto
873 323 875 328 ’
917 301 1116 403 uoemsatm
1131 328 1170 387 ιιι
1184 322 1286 386 utra
1425 297 1435 352 3'
1853 299 1903 378 s‘eo

287 451 335 505 lue
360 447 487 528 splrltutit
516 443 682 518 adoptionis,
700 445 727 502 ln
749 445 977 518 qrro'clamamm
998 445 1113 506 ιιιιιιιι
1128 443 1280 510 eonstitoti,
1294 443 1394 497 tratres
1419 449 1527 494 nostros
1549 437 1704 507 episcopos,
1727 436 1783 491 talo
1807 433 1909 492 riemos

287 553 369 612 papa,
383 536 513 605 indulget,
524 541 551 590 et
566 535 691 592 bomines
713 548 748 590 ox
769 535 841 590 lutea
872 539 986 592 materia
1002 551 1070 594 eon·
1121 548 1203 605 apuam
1227 531 1304 603 leupo
1322 531 1426 601 positos
1441 527 1519 584 urna
1539 527 1669 586 debemus
1687 527 1827 585 charitate
1846 527 1906 582 dili·
2027 562 2028 617 3

288 632 402 686 stitutus
427 623 454 681 in
477 621 645 680 eotrsortium
670 625 868 696 angeloromet
890 629 1004 697 gloriam
1022 643 1072 682 sus
1122 638 1197 695 pere,
1212 631 1240 677 et
1260 633 1355 678 eorum
1379 619 1608 690 posudalionibus
1632 617 1758 674 ellectum
1784 617 1905 674 celerem
2027 634 2028 653 ι

289 722 392 793 pietate
405 717 535 773 assumit.
559 717 636 772 Sicut
657 717 758 773 iactum
781 727 822 774 est
836 720 1003 789 temporibus
1021 737 1074 777 uo·
1123 711 1271 781 indulgere.
1292 709 1454 782 Eapropler.
1465 706 1628 765 reamabilis
1643 709 1674 763 iu
1684 705 1797 764 Christi!
1812 705 1906 772 smel.

288 809 354 865 stris
372 805 405 862 de
418 815 522 862 sancta¹
540 807 740 863 reeordationis
755 805 859 865 Ubuldo
881 809 1013 880 pontillee
1025 825 1072 866 re·
1124 803 1176 858 luis
1192 805 1317 874 ptecllutr
1331 811 1484 859 tumentes
1501 799 1658 856 Sffllsmm
1671 797 1904 864 Eoeletltmctul·

288 905 357 964 atro,
374 895 495 964 quicum
509 895 573 964 pius
588 904 616 950 et
628 898 729 966 justus,
743 897 805 952 dunt
821 898 847 974 iu
861 914 943 955 earne
957 899 1073 968 vireret,
1125 893 1180 948 lieo
1203 904 1326 960 auctore,
1340 905 1458 961 praesse
1479 888 1658 960 dignosceris,
1674 887 1724 942 sub
1745 887 1778 942 lt.
1793 885 1867 942 Petri
1880 891 1907 941 et

288 983 450 1047 haberetur,
462 988 526 1051 pest
544 982 688 1037 transitum
704 999 719 1037 a
734 983 833 1040 vicinis
850 991 877 1041 et
888 987 966 1056 longe
978 986 1074 1056 positis
1124 977 1397 1053 nostra‘proteettone
1412 981 1587 1049 suscipimus,
1606 980 1634 1034 οι
1653 978 1798 1048 presentis
1812 977 1906 1049 scripti

287 1081 401 1144 propter
416 1069 558 1135 miracula,
571 1083 633 1142 qua
645 1083 697 1142 per
710 1072 805 1129 merita
816 1073 876 1143 elus
889 1083 1019 1145 operatos
1031 1082 1075 1130 est
1123 1073 1268 1144 priuilegio
1281 1072 1497 1140 commonitum
1515 1079 1671 1125 statuentes
1689 1077 1718 1122 ot
1730 1068 1908 1139 qdascnmpu

186 1193 198 1214 e
288 1157 374 1226 Deus,
392 1159 961 1234 sauctusmeruitaestimarilmplctnmest
975 1163 1078 1234 inipso
1123 1163 1322 1234 possessiones,
1334 1160 1585 1233 quacunnoeltoua
1603 1161 1701 1228 eadem
1715 1157 1838 1214 Ecclesia
1856 1159 1906 1212 ian·

289 1249 362 1322 nunt
377 1252 513 1322 Propheta
522 1242 600 1304 ‘dixit
617 1251 644 1304 io
667 1249 775 1308 Psalmo
800 1265 808 1309 ι·
822 1251 876 1308 Pro
889 1256 1007 1324 patribus
1020 1257 1073 1311 ιιιιί
1123 1250 1334 1321 presentiarum
1342 1249 1418 1318 iuste
1428 1249 1600 1323 οιιιιιιιιιιιμ
1611 1248 1747 1317 maida,
1757 1247 1851 1304 sotis
1863 1247 1907 1303 br·

289 1347 346 1397 ueri
359 1353 420 1397 ιιιιιι
432 1343 478 1396 tili
488 1343 549 1410 pilii,
565 1343 762 1398 constituerem
778 1345 909 1414 principes
922 1361 1001 1414 saper
1016 1361 1072 1400 ons·
1126 1350 1215 1398 turum
1228 1339 1582 1410 concustonspouttsesn,
1598 1338 1742 1411 lsrpltious
1754 1353 1848 1410 repom
1865 1339 1907 1394 rel

289 1448 347 1486 nens
361 1433 458 1486 terreat
481 1431 634 1486 :memores
652 1437 730 1485 erunt
752 1431 865 1489 nominis
887 1437 937 1498 tsi,
962 1434 1074 1488 Domine
1124 1431 1353 1503 principumve}
1376 1426 1514 1486 oldatlons
1540 1429 1731 1494 lldelium,seu
1744 1429 1806 1487 aliis
1828 1429 1907 1498 justis

290 1520 376 1592 (Paul.
393 1520 478 1592 nuta).
499 1519 540 1576 ‘iu
559 1529 661 1589 autem,
684 1522 769 1580 irater
782 1525 919 1595 eptscope.
941 1523 1013 1595 apud
1027 1539 1072 1580 se·
1124 1522 1223 1587 modis,
1238 1520 1296 1575 beo
1313 1518 1471 1589 opitulante,
1485 1520 1587 1588 poterit
1612 1518 1738 1589 adipisci,
1756 1520 1836 1572 lirosa
1859 1521 1906 1574 tibi

289 1611 349 1666 dem
358 1610 532 1679 apostoticam
551 1611 714 1669 eoustbutus
722 1623 873 1685 opportune
884 1617 1073 1687 erimpertune
1126 1612 1232 1681 turisque
1255 1609 1469 1672 suecessoribus,
1484 1621 1513 1666 ct
1537 1607 1643 1664 illibata
1664 1617 1863 1681 permansum.
1879 1607 1905 1664 in

289 1695 318 1754 iri
348 1700 502 1759 bundium
525 1708 579 1772 qua
605 1703 697 1758 decuit
716 1703 851 1770 institisti,
868 1713 896 1760 ut
914 1707 1072 1762 memoriam
1125 1703 1223 1773 ossibus
1249 1702 1309 1758 bsee
1330 1699 1449 1771 propriis
1471 1698 1600 1756 desimus
1628 1698 1805 1770 unimoda
1828 1710 1907 1756 ιιιι·

289 1791 412 1860 praedicat
436 1791 571 1860 pnnttdets
585 1795 760 1859 canonizare,
779 1804 808 1852 ct
824 1795 912 1864 ipsum
933 1797 1072 1852 ascribere
1087 1771 1211 1851 Βιιιιιιι
1312 1860 1315 1864 ,

290 1887 447 1937 sauctorum
462 1883 589 1954 cstaiopo
608 1885 772 1941 auctoritate
792 1885 942 1956 apostolica
955 1886 1071 1942 debere·
1157 1881 1263 1940 Sosiam
1285 1883 1415 1952 majorem
1427 1895 1490 1938 cm
1505 1880 1678 1952 pertiuentiis
1698 1881 1755 1936 suls
1777 1881 1908 1950 osennae

289 1975 362 2035 mus,
381 1969 603 2054 consideratione
625 1974 716 2030 ltablta
740 1962 777 2031 ad
798 1976 954 2048 religiosam
987 1979 1074 2035 vitam
1120 1971 1220 2031 flumen
1243 1971 1318 2044 quod
1336 1963 1755 2036 uetdamstansuaveuom
1771 1981 1905 2040 paruere

288 2061 386 2130 ipslus‚
403 2069 432 2116 el
453 2063 487 2118 ad
503 2064 587 2118 multo
608 2047 751 2134 tilita'euia,
765 2079 824 2137 quae
837 2081 888 2139 pst·
901 2082 976 2137 eum,
996 2081 1073 2142 90⁵²·
1121 2063 1282 2135 pleutriottis
1293 2062 1326 2118 ad
1338 2063 1439 2116 lamam
1448 2053 1545 2126 Cicirri,
1559 2069 1587 2116 ei
1600 2060 1716 2116 indead-
1728 2056 1757 2116 S.
1771 2055 1906 2128 iugulum
2027 2072 2028 2141 i

289 2159 374 2218 qoam
402 2151 528 2222 mipendt
556 2167 571 2208 n
592 2155 708 2220 sesamo,-
734 2156 911 2228 Omnipotens
945 2161 1072 2230 dignatus
1121 2153 1370 2217 osteudens-,utu
1381 2151 1499 2208 delitiis
1507 2149 1699 2208 interbeatam
1711 2159 1740 2207 ⁶¹
1753 2141 1903 2216 Rttsllsttti

290 2236 336 2294 est
347 2243 465 2310 operari.
481 2241 536 2308 llos
550 2257 616 2301 vero
635 2260 711 2320 opus¹
721 2247 791 2304 istud
813 2251 946 2320 intuentes
961 2263 1071 2310 sensum
1121 2257 1225 2318 aparte
1237 2247 1384 2304 occidentis
1400 2253 1488 2302 totum
1503 2255 1625 2302 montem
1637 2243 1794 2302 candirecti
1811 2253 1908 2314 ,uque

289 2339 320 2386 et
336 2330 533 2402 intelligentius
547 2319 664 2392 nostras
679 2321 824 2404 enecuere,
839 2341 902 2410 osia
924 2342 1013 2411 potius
1029 2351 1072 2398 est
1122 2340 1156 2394 ad
1171 2338 1279 2394 Petram
1294 2337 1501 2409 palumbariam,
1514 2336 1587 2392 sieol
1599 2337 1674 2391 aaoit
1688 2349 1737 2406 per
1750 2335 1908 2406 ptsoitteu,

290 2417 376 2474 divini
389 2415 485 2488 ludicii
505 2437 587 2492 apuam
601 2423 724 2495 bunnam,
743 2443 803 2484 cum
825 2431 882 2499 ipse
905 2431 980 2488 solus
992 2432 1073 2501 plene
1121 2434 1150 2485 ct
1163 2431 1283 2483 merrtem
1296 2426 1450 2482 Cerbellatsi
1463 2425 1803 2495 compendiosissimam
1818 2424 1908 2496 eccle·

291 2510 399 2566 noverit
424 2513 470 2582 qui
498 2523 564 2570 snut
585 2513 665 2584 eius,
692 2521 881 2586 suspendimus
906 2523 1071 2578 desiderium
1121 2519 1345 2576 etnubentium
1363 2533 1426 2574 eum
1450 2512 1909 2587 penuneutitssutsosqneboeia·
2027 2574 2028 2577 ,

291 2606 366 2654 tuum
377 2598 549 2672 aliquandiu,
561 2606 591 2660 ul
605 2607 683 2666 uobis
696 2620 723 2665 et
742 2611 873 2667 iratribus
885 2612 986 2668 uostris
1005 2613 1072 2684 quid
1117 2607 1209 2688 priami
1225 2621 1240 2662 a
1253 2604 1367 2662 meridie
1381 2623 1396 2660 a
1411 2606 1531 2661 Pinnelio
1544 2606 1669 2674 strodest
1683 2605 1737 2660 sub
1748 2604 1780 2659 S.
1795 2594 1909 2668 lielena,

281 2685 527 2761 ἰιοιιιιιιμιιιιιιιι
541 2691 614 2751 estet
635 2695 752 2768 Spiritus
767 2702 955 2772 sanetigmtia
969 2706 1072 2758 revela·
1122 2699 1252 2769 usquead
1265 2690 1510 2762 unumunurm,
1524 2698 1636 2753 etvsalrt
1649 2695 1911 2768 perlabcmstana,
2027 2744 2028 2757 ,

288 2781 343 2832 tet.
357 2777 415 2834 'lus
429 2779 514 2852 igitur
528 2785 634 2842 tandem
649 2787 692 2858 pia
705 2787 1033 2863 supplicationeinducti,
1045 2803 1073 2849 et
1121 2797 1150 2846 et
1171 2797 1292 2844 rrtontem
1305 2787 1419 2852 Scanni,
1433 2795 1463 2842 et
1485 2781 1579 2842 areum
1605 2786 1775 2848 Putalsroua,
1789 2795 1819 2842 et
1839 2788 1911 2842 redit

289 2864 435 2924 maltorum
451 2872 649 2943 episcoporum,
665 2877 824 2935 stallorum
845 2881 1006 2936 testimoniis
1030 2881 1073 2936 ls·
1122 2881 1157 2936 ad
1171 2879 1300 2934 eumdem
1323 2877 1497 2945 cerbellani,
1513 2879 1642 2948 quidquid
1657 2879 1745 2934 babes
1756 2879 1786 2934 in
1800 2879 1911 2936 «tetum

289 2956 452 3025 eliuati,nou
468 2959 502 3017 de
519 2963 635 3034 propriis
650 2967 763 3034 riseritis,
779 2971 825 3025 scd
839 2970 873 3026 de
887 2970 1072 3028 misericordia
1121 2969 1272 3039 Annalpiaia
1285 2970 1471 3026 ecclesianos.
1483 2965 1610 3024 Barbarae
1620 2985 1683 3024 cum
1694 2969 1771 3024 cellis
1781 2977 1811 3025 et
1821 2966 1913 3024 oonsi-

287 3043 427 3104 Cre'atoris
442 3049 609 3119 potissimum
629 3057 807 3122 eorntldentes,
821 3059 854 3115 du
870 3061 1004 3116 cummuni
1016 3061 1072 3116 lra-
1084 3087 1108 3146 c·
1122 3061 1177 3118 bus
1185 3045 1360 3130 pertinentiis
1373 3062 1441 3126 suis,
1457 3063 1525 3116 duas
1548 3062 1694 3132 apotlaecas
1707 3072 1735 3116 et
1749 3062 1834 3116 aliam
1853 3063 1912 3118 eel-

290 3141 361 3193 trnm
370 3137 1070 3218 eonsilioaequistlruusvu'tissestris,etcanuooizan-
1122 3152 1254 3207 luscum
1273 3151 1446 3220 pertinentiis
1467 3154 1538 3209 suis.
1564 3153 1687 3210 besana
1705 3167 1774 3207 rere
1787 3162 1822 3215 te,
1838 3166 1912 3206 orsae

290 3233 331 3282 tes
348 3229 505 3298 pradictum
520 3244 644 3292 sanctum
665 3239 826 3296 auctoritate
839 3241 980 3298 beatorum
990 3238 1071 3312 apos·
1121 3241 1242 3312 ejusdem
1256 3241 1455 3316 loeiepiseopo,
1466 3245 1751 3314 veltuorumqoolibst
1766 3258 1913 3300 senemau-

288 3311 406 3374 tolerunt
419 3319 493 3378 Petri
508 3318 630 3394 etPauii,
643 3341 696 3399 qua
706 3330 842 3400 iungimus
857 3330 920 3386 licet
931 3332 1070 3400 immeriti,
1122 3349 1183 3390 nunu
1198 3331 1290 3390 naullos
1299 3337 1333 3391 sd
1344 3337 1467 3391 eamdem
1481 3322 1624 3389 ecclesiam
1639 3335 1669 3389 in
1682 3335 1844 3404 episcopum
1860 3333 1913 3388 eli-

291 3399 463 3467 deererimts
480 3423 510 3468 ut
532 3412 631 3472 lestum
650 3420 781 3475 transitus
796 3419 880 3490 ipsius
891 3421 961 3477 sicut
972 3422 1071 3478 beatis·
1121 3435 1201 3496 pstea
1218 3427 1270 3483 uisi
1280 3441 1361 3497 quen
1373 3424 1500 3482 canosini
1516 3423 1640 3494 quasdem
1653 3424 1790 3490 eeclesia,
1801 3425 1846 3480 ael
1862 3435 1912 3480 so-

287 3495 352 3554 siut
366 3501 533 3560 emrlmsorls
543 3505 615 3574 apud
626 3521 674 3563 ros
690 3519 821 3580 perpetuo
841 3511 983 3588 habeatur.
998 3514 1072 3580 dua·
1121 3531 1182 3572 narn
1196 3532 1260 3588 pars
1280 3517 1384 3574 consilii
1402 3515 1524 3572 sanioris⁴
1536 3516 1687 3571 meandum
1707 3517 1794 3572 beum
1806 3517 1911 3586 peant-

190 3627 197 3638 ·
289 3590 619 3660 propternntaersttacen
636 3605 754 3653 nestram
777 3605 1073 3659 monemusetesbor·
1121 3607 1211 3662 derint
1224 3607 1387 3678 eligendum.

290 3687 381 3736 tamor
392 3681 418 3735 in
433 3679 560 3750 bontluu,
572 3696 705 3755 quatenus
717 3703 770 3745 uon
787 3690 813 3746 ln
827 3704 940 3748 uacuum
954 3695 1070 3765 gratiam
1106 3757 1109 3768 ¹
1157 3695 1331 3754 beeemiures
1342 3708 1456 3769 surmus
1466 3695 1533 3752 nulli
1546 3696 1664 3753 omnino
1671 3697 1813 3754 ιιιιιιιιιιιιιιι
1826 3697 1918 3754 laem

214 3844 218 3854 Ι
290 3767 371 3824 letam
384 3770 533 3842 recipiatis,
545 3773 595 3830 sed
608 3777 732 3848 exemplo
749 3779 820 3834 beati
836 3781 888 3836 riri
903 3783 1071 3840 renovemini
1121 3788 1264 3860 prelatum
1287 3789 1432 3846 ecclesiam
1456 3799 1560 3846 teroem
1581 3784 1754 3859 penarense.
1777 3795 1830 3843 aet·
1850 3789 1915 3857 eiras

287 3858 385 3926 spiritu
404 3863 503 3918 mentis
515 3871 622 3930 rastra,
632 3876 671 3922 ·et
690 3868 715 3922 in
737 3871 891 3926 reuerentia
905 3873 950 3929 bei
963 3883 990 3930 et
1001 3889 1072 3945 prae·
1120 3879 1305 3953 possessiones
1319 3880 1439 3946 auterre,
1453 3880 1559 3936 ablatas
1575 3880 1704 3944 retinuere,
1716 3879 1845 3934 minuere
1860 3895 1918 3934 ses

288 3947 465 4018 dtettsaucat,
478 3955 637 4012 clemoium
656 3957 783 4026 aliorum,
798 3959 976 4020 ierreutiorcs
988 3967 1069 4023 solito
1120 3969 1285 4042 quibuslibet
1294 3970 1483 4027 rorationibus
1496 3970 1622 4045 fatigare,
1637 3970 1684 4026 sed
1697 3969 1801 4027 illibata
1814 3972 1917 4026 enanis

287 4038 424 4107 existatis,
440 4051 468 4098 st
479 4041 582 4100 lestutu
602 4046 662 4116 eius
680 4051 797 4120 septimo
813 4051 917 4110 decime
931 4047 1070 4114 liniendas
1120 4067 1149 4116 et
1168 4061 1275 4133 integra
1288 4068 1486 4118 conserventur
1499 4062 1558 4127 tibi,
1570 4070 1600 4118 et
1618 4065 1911 4129 tuissuceessoribos,

287 4123 362 4184 lauli
377 4127 499 4190 lrilstitet
512 4137 592 4194 aunis
601 4139 715 4212 singulis
725 4140 867 4201 celebrare
878 4144 994 4203 sollicite
1005 4163 1071 4220 opo-
1119 4165 1169 4222 pro
1182 4166 1296 4222 quorum
1311 4153 1505 4224 gubernatione
1518 4163 1549 4210 et
1564 4157 1764 4211 sustentatione
1775 4170 1917 4214 ceacuss

283 4219 398 4312 ,remini
412 4226 484 4293 quud
501 4223 512 4299 [
527 4225 549 4297 i.
567 4227 604 4285 ita
618 4227 717 4304 quud]
737 4240 826 4290 vestra
849 4236 923 4292 cirea
947 4237 1069 4294 divinus
1120 4251 1184 4297 sunt
1205 4242 1299 4298 usibus
1315 4241 1470 4312 protutura,
1484 4243 1562 4300 salua
1579 4245 1654 4300 sedis
1677 4247 1837 4316 apostoliea
1857 4261 1916 4301 aa·

286 4309 388 4366 cultum
410 4313 690 4390 devortaprotectsse
708 4323 807 4380 merito
829 4327 962 4394 uideatur,
978 4330 1068 4386 etalii
1120 4333 1258 4400 ctoritate,
1272 4341 1302 4389 et
1313 4333 1516 4404 metropolitani
1528 4337 1568 4392 tui
1583 4337 1675 4392 debita
1693 4339 1859 4394 rereeeutia.
1881 4338 1914 4394 si

286 4399 320 4458 ds
335 4399 408 4460 laete
430 4413 522 4463 restro
546 4411 700 4485 exemplum
726 4415 846 4484 prolecto
864 4430 1022 4490 assumant,
1040 4429 1070 4478 el
1085 4437 1175 4496 pona
1199 4424 1281 4494 igitur
1298 4423 1326 4478 in
1353 4422 1474 4481 loturam
1497 4426 1696 4495 eeclesiastico,
1711 4429 1917 4502 saeobrisqae

285 4493 346 4566 lpse
368 4498 467 4556 restris
493 4509 582 4560 mutus
612 4507 742 4598 precibus
760 4515 809 4578 pte
829 4511 913 4568 totius
941 4511 1071 4573 Ecclesia
1119 4531 1234 4590 persona
1247 4517 1319 4572 bans
1332 4525 1435 4573 nostra
1445 4501 1792 4591 mnnttoufflspagtnan
1802 4522 1914 4589 sciens,

284 4593 359 4642 statu
372 4589 445 4658 apud
465 4590 678 4664 omnipotentens
695 4595 838 4654 borninatm
856 4602 1016 4660 intercedat.
1119 4617 1216 4666 eontra
1240 4621 1303 4664 eam
1323 4617 1433 4668 temere,
1452 4610 1544 4666 reoire
1568 4591 1724 4677 laniaverit,
1743 4615 1871 4668 munde
1883 4622 1916 4668 et

304 4674 419 4776 ¹ilatum
447 4677 586 4751 Laterani,
613 4682 640 4739 ιι
666 4681 760 4744 lionae
779 4687 879 4760 liartii,
896 4695 1072 4764 pontilicatns
1121 4697 1203 4753 tertio
1214 4699 1394 4764 communius
1406 4699 1461 4754 ⁰³⁸5
1474 4690 1579 4754 stillim
1596 4715 1676 4756 ΝΜ
1698 4701 1781 4773 ἆῗιθῑ
1797 4702 1919 4758 ⁶¹³¹*

285 4767 373 4822 nostri
382 4781 458 4824 enno
470 4770 569 4839 primo.
1119 4787 1211 4843 ctione
1227 4787 1390 4850 eorrexerit,
1405 4789 1547 4857 potestatis
1566 4791 1734 4862 honorisque
1757 4792 1801 4848 sei
1813 4803 1918 4848 eareat

636 4889 726 4947 mn·
1119 4876 1261 4947 dignitate,
1274 4878 1544 4948 reamqsesedirino
1552 4878 1658 4947 jndicio
1667 4881 1832 4936 eaistsrsaie
1843 4895 1914 4952 per·

285 4965 429 5022 Ecclesiam
445 4967 594 5029 Scoleuaeui
609 4980 733 5036 luendam
748 4985 1071 5060 mamistanensem
1120 4976 1224 5037 Fam·
1241 4967 1386 5037 ΜῙΨΙῙΜΘ
1401 4955 1558 5042 θ“8“’0”“ι
1571 4970 1916 5048 'fflffliiffl'mfflffl

605 5049 753 5117 emafirmnt.
1120 5065 1148 5111 et
1163 5057 1298 5125 sauguine
1310 5058 1358 5114 lici
1371 5069 1400 5114 et
1414 5059 1520 5115 bomini
1536 5061 1828 5131 Redemptorisnostri
1837 5061 1915 5118 keo

517 5133 667 5206 (laterani,
685 5141 765 5196 blant.
785 5143 839 5208 lini
1120 5148 1221 5204 Cbrlsti
1234 5148 1322 5206 aliens
1337 5151 1395 5220 dat,
1405 5162 1488 5222 atoue
1498 5155 1527 5210 in
1536 5163 1661 5209 extrem
1672 5138 1800 5210 orandus
1811 5154 1915 5210 distre

417 5221 562 5299 fuescen,
580 5229 661 5284 ltalia¹
678 5239 770 5298 socru,
785 5231 839 5298 itt,
853 5231 929 5308 dib]
1120 5247 1174 5292 etas
1193 5238 1287 5295 ultietti
1312 5241 1463 5310 subjaceat.
1486 5222 1600 5298 cannetis
1616 5251 1710 5298 ιιιιιιιι
1731 5243 1820 5298 eidem
1843 5243 1912 5298 leco

320 5315 499 5375 Gmtssnmus
514 5319 666 5388 episcopos,
680 5332 930 5382 surrusserrorunn
947 5327 1005 5396 liei,
1020 5343 1069 5387 ae·
1120 5345 1167 5385 sam
1186 5331 1248 5403 jana
1272 5333 1444 5390 servantibus
1466 5335 1502 5389 slt
1519 5349 1570 5403 pas
1594 5335 1700 5391 bomim
1723 5337 1812 5394 nostrl
1837 5337 1911 5394 keu

284 5405 397 5494 enerabili
409 5405 487 5462 iratri
500 5408 665 5465 dteaaueso
678 5409 798 5466 scalensi
815 5413 941 5486 episeopo
958 5417 1071 5490 eiusque
1118 5421 1229 5490 cbristi,
1239 5430 1373 5493 paslmus
1386 5432 1415 5478 et
1429 5424 1473 5480 lnic
1483 5424 1602 5480 lructutu
1616 5428 1821 5484 martarus
1829 5431 1909 5486 scel·

284 5495 491 5552 suecessoribus
524 5499 657 5554 canoniea
687 5499 935 5564 substituendisin
969 5521 1068 5581 perps-
1118 5513 1203 5583 pisut,
1219 5524 1248 5568 et
1274 5513 1345 5585 apud
1355 5514 1509 5572 districtum
1523 5517 1646 5588 iudicent
1658 5519 1770 5588 prtersia
1792 5525 1910 5577 stem

286 5591 372 5640 tatros.
1117 5602 1193 5685 pacis
1208 5601 1355 5659 inveniant.
1375 5604 1473 5674 Amen,
1489 5619 1580 5662 aruea.

320 5669 349 5725 ln
364 5668 519 5741 aposuttea
538 5675 611 5735 ledis
633 5680 752 5783 mesula,
768 5681 927 5755 disponente
941 5687 1067 5759 nornine,
1152 5694 1208 5765 liro
1226 5696 1398 5765 culmino,
1414 5699 1556 5758 mtboliete
1568 5701 1698 5762 &data
1709 5704 1873 5777 apim
