4125 6334
292 285 299 312 i

294 309 364 373 1083
900 279 1097 342 coetesttn't

289 427 300 444 ⁹
328 435 386 505 Ego
397 399 554 497 Pindutius,
576 407 654 475 basil.
663 415 707 470 tn
718 409 907 483 Apostolorum
920 405 1010 474 presb.
1021 417 1081 458 car·
1096 411 1121 464 Α

294 527 510 682 <bugam
527 607 568 660 tit.
581 603 690 657 Sanctae
701 595 817 653 Caecitice
829 591 917 660 presb.
931 587 1008 644 card.

327 707 384 774 Ego
394 705 524 764 turinnes,
540 699 581 752 tit.
595 695 625 751 S.
637 688 786 748 Cteruentis
799 684 875 740 card.
903 679 1082 736 viterbiensis

294 810 322 854 et
337 798 507 852 'inservianus
520 792 673 860 episcopus.

332 888 386 955 b'po
401 882 503 962 (tuido,
526 881 554 936 S.
578 877 671 933 itariae
699 868 899 928 Transtiberivn
921 865 965 919 tit.
985 860 1080 916 Catisti

295 980 385 1052 presb.
397 976 474 1031 card.

290 1147 294 1156 .
330 1070 388 1140 ego
407 1068 493 1136 tingo,
514 1065 607 1132 presb.
624 1061 699 1116 card.
719 1057 750 1113 S.
767 1055 876 1110 biartiui
890 1055 932 1107 tit.
949 1087 1005 1106 .....

288 1223 292 1230 ,
332 1160 388 1230 Ego
410 1156 544 1220 inernies,
561 1154 602 1206 tit.
628 1151 659 1208 S.
683 1149 812 1220 Stephani
834 1147 861 1200 in
886 1141 973 1199 eoetto
990 1147 1083 1194 urotvtc

288 1251 390 1332 'presb
407 1250 483 1306 eard.

334 1346 391 1415 Epo
404 1341 542 1406 Ciutbfus,
558 1338 598 1392 tit.
617 1336 647 1391 S.
660 1333 800 1392 Laurentii
820 1330 846 1385 iu
871 1328 974 1382 Lucina
991 1321 1083 1394 presb.

298 1438 375 1492 card.

335 1528 390 1596 Ego
403 1523 552 1585 Sodrcdus‚
570 1521 611 1575 tit.
628 1520 658 1572 S.
675 1515 808 1570 braxedis
823 1511 917 1582 presb.
931 1509 1008 1563 carri.

334 1619 391 1686 Ego
416 1598 580 1676 Bernartius,
606 1609 700 1665 Sancti
719 1607 793 1662 Petri
810 1606 843 1660 ad
860 1603 972 1657 t'ineuta
993 1597 1083 1670 presb.

299 1711 374 1763 cart.
389 1709 432 1761 tit.
449 1707 587 1762 Etvxoditc.

333 1799 390 1869 Epo
414 1798 577 1862 Gratianus,
600 1793 762 1848 Sanctorurn
784 1788 890 1846 Cosvnaa
912 1796 939 1839 et
961 1780 1084 1838 barniani
1101 1771 1130 1826 ii-

300 1892 462 1948 diaecard.

285 2049 289 2058 ¹
337 1985 393 2053 ego
406 1974 554 2045 Gerardns',
568 1980 660 2034 Sancti
677 1977 790 2032 Adriani
806 1974 877 2030 diac.
893 1972 968 2026 card.

287 2131 291 2139 ,
337 2074 393 2146 Ego
409 2073 569 2142 Gregorius,
586 2069 614 2124 S.
631 2068 722 2122 ituriae
738 2067 765 2120 in
781 2065 887 2134 ttqttiro
903 2063 973 2114 diac.
988 2059 1063 2112 carvt.

284 2154 290 2240 J
337 2165 393 2234 iigu
406 2164 547 2230 Lutarius,
561 2160 720 2217 Sarvctoruvu
740 2155 828 2224 Sergii
850 2163 877 2208 ot
899 2151 1000 2206 Baccbi
1016 2152 1086 2204 diue.

301 2249 392 2313 card.
465 2261 469 2268 '
637 2259 641 2268 “

338 2355 394 2424 Ego
410 2352 551 2414 Nicotaus,
576 2350 683 2405 Strictae
701 2338 792 2402 tta'ria·
811 2344 837 2400 in
850 2338 997 2398 Cosnvedirr
1017 2336 1087 2391 diac.

301 2447 377 2503 eard.
428 2457 435 2479 ³

281 2523 288 2607 s
335 2539 391 2606 tlgo
405 2535 565 2606 Gregorius,
584 2532 677 2587 Sancti
692 2526 787 2600 ,trigeti
807 2526 880 2582 ritae.
893 2525 971 2581 eard.

337 2627 491 2696 titubabo,
508 2625 601 2680 Sancti
617 2623 751 2677 Ttrcotori
770 2621 840 2674 ttiac.
856 2619 932 2671 card.

336 2721 392 2788 Ego
406 2718 514 2783 Petrus,
525 2717 633 2770 Sancte
647 2713 739 2767 tiariae
751 2711 779 2765 iu
791 2707 839 2763 Via
853 2707 921 2762 Lata
931 2706 1003 2762 diac.
1013 2702 1089 2761 card.

282 2800 286 2809 ’
338 2812 435 2865 batunv
443 2808 582 2871 Laterani,
593 2822 641 2878 per
651 2800 989 2858 tttatvurvvCetrtbiiSanctae
1001 2797 1091 2852 Lucite

284 2898 287 2907 ’
303 2909 331 2962 ιιι
348 2905 451 2966 Ortbca
474 2904 544 2966 diac.
559 2903 645 2967 card„
664 2899 767 2955 dontini
793 2912 868 2972 papae
890 2894 1044 2954 carnerarii,
1057 2908 1090 2946 xv

303 2997 419 3054 Kalend.
441 2995 519 3060 bati,
538 2993 684 3048 indictione
710 3006 775 3055 xttt,
790 2987 990 3042 incarnationis
1004 2983 1091 3036 burtvi-

304 3091 373 3144 rricae
387 3104 459 3142 anno
477 3085 558 3151 ttae,
577 3085 752 3154 pontificatus
764 3095 830 3137 vero
847 3079 938 3135 dornni
950 3075 1089 3133 Coetcstiui
1104 3097 1124 3153 ς

284 3171 287 3178 ’
304 3195 380 3260 papae
394 3179 426 3234 ttt
438 3193 510 3234 arruo
525 3178 630 3250 quinto.

656 3329 743 3387 CCiii.

278 3517 283 3527 .
305 3475 402 3530 Abbati
416 3470 571 3526 uronosterii
586 3467 616 3524 S.
629 3467 749 3536 Dionysii
763 3465 881 3520 concedit
896 3471 935 3527 vt,
951 3459 1092 3514 morteritot
1161 3503 1166 3516 .

341 3554 366 3599 et
377 3559 514 3624 correctior
526 3558 599 3606 snos,
612 3537 788 3608 concitatione
798 3550 887 3589 certent
900 3549 951 3586 non
961 3532 1092 3594 obttnttte,

339 3623 463 3684 currtqrtt.

532 3716 683 3790 (Laterani,
699 3715 786 3786 apr-tt.
803 3714 859 3783 te.)

327 3893 332 3902 ,
386 3851 535 3922 [murare
553 3845 624 3900 ttist.
640 3846 672 3899 ιιι
688 3843 878 3913 Sciat-lienes,
895 3859 922 3912 p.
936 3838 1011 3913 eree]

281 3981 285 3991 ·
341 3964 522 4020 Cretesrrrvus
536 3933 690 4029 episcopus,
709 3971 807 4012 servus
823 3971 963 4010 servorurn
980 3955 1038 4021 tici,
1054 3955 1094 4008 di-

1115 278 1149 333 tlt
1168 273 1268 332 PAPAE
1855 253 1923 308 iiiiii

1483 381 1571 440 cett.

1187 541 1348 602 ttonruterio
1369 541 1398 594 S,
1417 535 1561 589 dteavrrrdri
1580 533 1717 586 Pornrcnvv
1730 525 1866 587 cortesium

1384 610 1415 663 S.
1433 605 1548 662 Ειιτιιιίιι
1562 603 1666 657 urserit.

1363 741 1513 816 (Laterani,
1528 739 1614 810 Aprit.
1630 736 1685 792 tet

1277 887 1371 959 [bero.
1386 883 1473 938 Storiu
1485 881 1512 934 di
1528 866 1693 954 Porrnofiti,
1704 870 1781 943 505]

1168 1027 1347 1082 Coeussrrvus
1361 1022 1515 1091 episcopus,
1533 1029 1631 1070 servus
1649 1025 1791 1067 servornm
1806 1007 1867 1071 bei,
1883 1004 1926 1061 di·

1135 1122 1210 1175 tectre
1222 1119 1247 1172 in
1260 1115 1371 1172 Cbristo
1389 1111 1453 1166 ntiae
1469 1107 1618 1164 abtvatissae
1634 1103 1664 1158 S.
1687 1097 1836 1156 Atexandri
1854 1095 1925 1152 Par-

1135 1207 1249 1271 tncusis,
1265 1201 1383 1260 saiutevn
1398 1211 1426 1255 et
1438 1197 1617 1269 apostoticam
1634 1190 1865 1248 benedictionem.

1172 1300 1208 1354 Ea
1224 1312 1283 1366 quar
1298 1311 1313 1350 a
1331 1291 1533 1348 venerabilibus
1556 1285 1687 1342 tratribus
1705 1282 1808 1338 nostris
1826 1294 1926 1349 geren-

1137 1391 1208 1446 tibus
1220 1386 1366 1458 tegatiouis
1377 1380 1507 1444 utiiciuuv,
1521 1369 1627 1432 ratione
1642 1374 1745 1445 praevia
1757 1379 1925 1434 statuuntur,

1136 1496 1170 1537 ne
1186 1493 1315 1550 processu
1329 1472 1460 1545 temporis
1475 1471 1502 1528 iu
1521 1469 1632 1527 dubium
1648 1465 1759 1520 valeant
1774 1463 1927 1516 temeritate

1136 1570 1319 1640 qrroruvntibet
1337 1565 1469 1628 revocari,
1480 1573 1594 1634 paterna
1604 1559 1729 1613 coturnus
1741 1553 1929 1610 solticitudine

1137 1676 1312 1733 precavere,
1325 1669 1352 1714 et
1367 1674 1462 1714 eorurn
1479 1655 1666 1711 institutiones
1681 1649 1841 1720 attostoticae
1860 1662 1928 1702 cun-

1138 1751 1299 1806 brrnationis
1319 1748 1418 1804 titteris
1439 1744 1618 1801 corunvunire.
1638 1739 1802 1810 eapropter,
1825 1737 1926 1792 ditecta
2035 1793 2036 1802 χ

1140 1844 1166 1897 ιιι
1189 1843 1300 1898 cbristo
1319 1840 1394 1903 titia,
1421 1837 1474 1892 tuis
1494 1835 1577 1905 justis
1597 1830 1827 1904 postulationibus
1850 1839 1928 1896 pratu
2022 1877 2024 1880 .

1140 1944 1341 1992 concurrentes
1355 1945 1473 1988 assensu
1482 1925 1708 1986 constitutionem
1721 1937 1803 1992 quarn
1816 1921 1930 1975 dilectus

1139 2029 1210 2084 titius
1225 2038 1318 2084 noster
1332 2025 1427 2078 t‘etrus
1442 2021 1471 2076 S.
1497 2019 1614 2075 Caeciliae
1634 2018 1661 2072 in
1676 2016 1762 2074 titudo
1770 2014 1930 2070 monasterii

1140 2120 1222 2178 vestri
1237 2125 1420 2174 constructam
1435 2113 1532 2169 iecisse
1548 2110 1659 2175 dicitur,
1676 2108 1748 2163 sicut
1759 2122 1791 2161 ea
1809 2107 1933 2159 rationa-

1141 2214 1231 2268 bititer
1251 2219 1279 2266 et
1301 2211 1360 2264 siue
1379 2207 1512 2277 pravitate
1536 2203 1656 2274 quatibet
1677 2200 1748 2254 tacta
1764 2206 1822 2262 est,
1844 2206 1873 2251 et
1895 2209 1925 2250 ιιι

1123 2349 1126 2354 ,
1140 2305 1261 2376 ejusdcm
1278 2301 1425 2356 carrtinatis
1440 2295 1598 2352 authentico
1609 2292 1778 2354 continetur,
1791 2289 1931 2349 devotioni

1142 2406 1193 2451 tuse
1204 2394 1363 2450 anctoritate
1373 2389 1520 2460 apostatica
1530 2385 1733 2452 covrbrrnarnus,
1745 2392 1772 2436 et
1782 2382 1928 2452 praesentis

1141 2486 1232 2554 scripti
1247 2484 1398 2554 patrocinio
1412 2479 1623 2536 cornnnvniruus.
1637 2476 1678 2530 bd
1694 2460 1824 2540 ruajoreuv
1839 2482 1932 2527 autern

1142 2581 1222 2650 bnjus
1238 2574 1455 2634 continuationis
1470 2572 1626 2643 apostoticae
1639 2572 1806 2636 ttrrnitatenr,
1820 2569 1935 2621 autben·

1142 2672 1224 2727 ticuur
1238 2670 1323 2738 ipsius
1336 2663 1485 2722 cardinatis
1497 2665 1530 2717 de
1544 2663 1625 2717 verbu
1638 2662 1671 2716 ad
1684 2661 1799 2715 verboru
1811 2674 1935 2724 praesen·

1143 2766 1215 2820 tibus
1232 2762 1360 2818 duviurns
1376 2757 1474 2812 titteris
1490 2756 1675 2820 inserendum,
1687 2755 1758 2823 quud
1772 2753 1825 2807 tate
1836 2762 1898 2805 est:

1180 2855 1305 2919 vienus,
1321 2853 1366 2908 tici
1391 2851 1476 2920 gratia
1509 2848 1586 2904 tituto
1608 2848 1637 2904 S.
1654 2847 1768 2905 Cutiliae
1792 2847 1935 2915 presbyter

1141 2945 1307 3010 earttirvatis,
1333 2941 1489 3014 apostoticae
1507 2941 1579 2997 sudis
1598 2940 1723 3011 legatus,
1745 2939 1885 2993 universis
1908 2937 1934 2990 in

1142 3040 1250 3094 Cbristo
1272 3036 1412 3100 tidetibus,
1427 3035 1542 3090 satutevn
1567 3034 1594 3090 in
1613 3043 1789 3102 perpetuum.
1802 3031 1872 3086 Csrn
1891 3045 1935 3086 es·

1119 3131 1125 3149 ¹
1143 3147 1234 3187 seruus
1249 3129 1356 3184 Parnase
1372 3139 1400 3183 ct
1415 3126 1561 3198 tegatiunis
1572 3125 1661 3180 otiu-iu
1682 3125 1869 3193 turvgerenrur,
1886 3138 1936 3178 co·

1143 3225 1284 3296 gnovitnus
1296 3223 1451 3296 parocbiant
1467 3221 1590 3277 ecciesiae
1605 3221 1634 3278 S.
1648 3219 1772 3276 Gervasii
1788 3219 1815 3272 in
1831 3228 1935 3276 tanturn

1144 3317 1261 3372 crevisse
1273 3317 1344 3386 quod
1360 3329 1471 3372 necesse
1492 3325 1568 3381 erat,
1590 3321 1619 3368 ut
1640 3326 1709 3367 nova
1727 3311 1846 3386 ecelesia
1869 3327 1932 3365 sur-

1143 3419 1230 3480 geret,
1246 3409 1272 3464 in
1287 3423 1341 3478 qua
1353 3423 1417 3477 pars
1433 3409 1519 3477 ipsius
1537 3405 1627 3476 popuii
1651 3405 1743 3460 divina
1757 3411 1853 3474 posset
1875 3418 1935 3472 per·

1143 3519 1234 3574 crpore
1248 3503 1512 3565 sacramentaneus
1525 3501 1550 3554 in
1562 3497 1672 3570 proprio
1684 3496 1767 3551 ttrvrdo
1777 3494 1935 3548 rnrrnasterii

1144 3594 1174 3648 S.
1196 3590 1342 3646 Alexandri
1365 3587 1547 3644 avcuerubiii
1564 3586 1650 3640 trane
1676 3591 1770 3640 nostro
1795 3581 1936 3635 ttcruardu
2035 3569 2036 3608 ἕ

1144 3684 1282 3740 Parvuensi
1299 3683 1429 3751 episcopo
1450 3694 1560 3736 crucern
1583 3677 1646 3746 poni
1667 3673 1796 3736 fecimus,
1814 3669 1897 3726 sirnnt
1910 3681 1936 3724 ct
2035 3667 2036 3684 ³

1145 3775 1262 3844 tupidevn
1277 3773 1450 3829 ttenedictuvn
1471 3770 1503 3825 ad
1517 3768 1660 3825 ecciesiarn
1680 3767 1705 3820 in
1731 3765 1866 3819 bouurcnr
1889 3761 1933 3815 tici
2035 3767 2036 3774 ’

1143 3874 1172 3920 et
1187 3865 1344 3920 raemoriarn
1359 3863 1447 3918 Beata
1458 3859 1574 3916 Caecilire
1586 3856 1702 3928 virginis
1715 3865 1743 3909 et
1758 3853 1891 3924 vurrrtpris
1906 3853 1931 3904 iu

1145 3961 1233 4029 capite
1256 3956 1349 4012 Pontis
1366 3953 1589 4016 corrstvuenduvn,
1603 3963 1631 4005 et
1645 3950 1697 4020 ipsi
1715 3947 1887 4004 monasterio
1907 3943 1934 4000 S.

284 4065 289 4071 ’
307 4059 375 4113 tccto
391 4055 446 4109 btiu
457 4053 548 4108 abbati
563 4051 723 4105 uturvasterii
737 4051 769 4104 S.
786 4049 920 4118 ttiunpsii,
936 4047 963 4101 iu
980 4047 1092 4102 diecesi
1143 4047 1288 4102 btevarutri
1305 4044 1511 4117 subjiciendam,
1525 4041 1572 4098 sed
1589 4057 1623 4097 ne
1636 4043 1670 4096 de
1686 4039 1787 4094 duribus
1801 4037 1935 4107 parocbia

282 4165 288 4182 ·
307 4146 452 4204 varisiensi
471 4143 623 4208 constituti,
641 4143 757 4198 satuteru
771 4151 798 4196 et
810 4140 989 4210 apostoticam
1009 4139 1093 4194 bene·
1145 4151 1235 4212 posset
1249 4141 1275 4195 in
1301 4151 1438 4210 posterum
1460 4138 1533 4192 inter
1549 4145 1671 4191 veterent
1689 4143 1716 4190 et
1734 4148 1834 4190 novam
1849 4138 1935 4186 cecte·

306 4242 465 4297 dictionem.
519 4313 523 4317 q
780 4231 796 4245 ”“
1145 4229 1676 4297 stavudiscordiam-irideparocbiaru
1694 4225 1934 4286 tervrviuanrus,ut

279 4336 283 4344 '
342 4333 424 4389 ttobis
446 4332 575 4387 intimare
597 4329 721 4393 curasti,
748 4327 821 4398 quod
842 4342 906 4382 curn
929 4325 1093 4380 correctioni
1144 4341 1250 4390 ornnes,
1267 4324 1311 4394 urii
1331 4325 1455 4380 trabituut
1470 4333 1665 4393 strperterranv
1679 4320 1765 4389 ipsius
1779 4316 1933 4378 abbatissae,

306 4425 374 4480 vetis
390 4423 534 4479 intendere
555 4419 737 4483 svrbditonun,
759 4426 786 4472 ct
812 4417 959 4472 ruouacbos
976 4425 1036 4470 trtoa
1050 4431 1093 4470 re·
1111 4428 1172 4494 Det
1187 4420 1281 4475 durrus
1293 4417 1399 4471 ittovnrn
1417 4417 1451 4472 de
1461 4415 1580 4482 Cistctte,
1598 4425 1626 4470 et
1640 4430 1688 4471 ser
1703 4412 1784 4478 atius,
1800 4409 1863 4465 etsi
1877 4423 1933 4478 que

305 4514 446 4586 gutaribus
464 4513 604 4568 instrucre
625 4510 788 4579 disciptiuis,
805 4509 855 4577 ipsi
875 4521 968 4562 vocent
985 4507 1019 4561 ad
1034 4522 1093 4562 nos
1146 4526 1223 4568 novae
1237 4524 1334 4565 versus
1355 4519 1485 4563 rnontuna
1505 4509 1676 4564 surrexerint
1690 4505 1777 4576 ipsius
1791 4517 1872 4561 nov-'e
1883 4515 1926 4556 ec·

277 4617 280 4622 '
305 4603 496 4675 appeiiniiobis
508 4605 647 4665 θιιιίιιιιιιι,
659 4609 687 4657 ei
697 4602 738 4656 Sic
752 4601 785 4652 itti
794 4599 979 4654 defensionem
994 4597 1094 4667 itttqtti·
1144 4602 1234 4658 etesiae
1249 4602 1305 4658 sint
1318 4601 1496 4670 parochiani,
1513 4608 1668 4654 statuentes
1688 4607 1718 4651 ut
1735 4596 1896 4652 sacerdotes
1909 4602 1934 4646 et

307 4700 370 4755 tatis
383 4708 517 4767 usurpant
530 4695 604 4767 qnod
619 4698 653 4749 ad
668 4693 825 4763 presidium
846 4693 1032 4747 irnvocentiurn
1052 4690 1093 4744 vti·
1117 4721 1118 4726 κ

280 4809 282 4815 ·
306 4793 445 4863 pavescitur
459 4791 625 4844 institutum.
639 4786 675 4843 Ut
690 4789 773 4859 igitur
784 4786 937 4857 tnrjusnvodi
951 4781 1093 4839 vuatebciis

305 4892 451 4936 occuratur
464 4882 513 4936 tibi
527 4881 691 4936 auctoritate
702 4879 853 4948 apostotica
865 4879 993 4932 dusivnus
1003 4875 1093 4932 indut-

306 4973 546 5045 personuerunt
567 4975 659 5036 tieeut,
680 4989 733 5027 non
752 4973 925 5028 obstantibus
939 4970 1092 5036 tttvt‘rrsvnodi

278 5060 489 5120 ‘frustratoriis
512 5063 757 5133 appcttatiouibus,
787 5063 936 5118 secundant
961 5061 1091 5129 tiegvrtarn

304 5159 445 5228 corrigere
457 5165 577 5210 ¹tuorurn
600 5155 796 5208 ntonacbornut
817 5164 963 5216 excessus,
979 5161 1007 5205 ot
1024 5166 1093 5221 quos

304 5253 409 5308 videris
424 5266 454 5307 se
473 5251 563 5304 urinus
572 5247 706 5318 religiose
720 5258 858 5318 perornes,
874 5246 907 5300 ad
924 5246 1005 5299 vitavn
1017 5259 1092 5299 eorn-
1119 5281 1121 5288 ι

306 5347 406 5418 tectiore
421 5344 585 5414 reputarent.

340 5436 516 5492 [iecerubnus
536 5452 617 5506 ergo,
635 5445 663 5492 ut
685 5433 750 5489 nulii
768 5432 878 5488 orurtinu
900 5431 1039 5488 trurniuurn
1062 5431 1092 5484 ti-

306 5537 445 5596 teat,etc.

310 5703 315 5713 Ι
340 5623 439 5688 Datum
455 5621 594 5686 Laterani,
618 5640 661 5679 arv
677 5625 813 5680 itrrtcudus
830 5623 903 5687 atati,
920 5621 1092 5692 poenitentes

307 5712 393 5765 tustvi
411 5729 480 5768 annu
493 5715 597 5789 qniuto.

1145 4693 1237 4748 cterici
1258 4692 1305 4761 (tui
1322 4691 1348 4745 in
1374 4691 1431 4760 ipsa
1449 4704 1518 4744 vvuva
1531 4688 1648 4746 ccclesia
1665 4703 1714 4759 pru
1738 4695 1864 4753 ternpore
1881 4682 1935 4738 tue

1145 4787 1215 4849 rint,
1232 4795 1309 4841 extra
1326 4786 1398 4853 ipsos
1416 4782 1549 4838 terminos
1562 4823 1570 4846 ,
1585 4781 1689 4835 nntturn
1714 4780 1748 4836 de
1763 4775 1934 4848 parochianis

1146 4878 1280 4948 praedictae
1303 4874 1428 4936 ecciesiae
1449 4871 1552 4928 veteris
1574 4871 1607 4927 ad
1626 4870 1820 4940 pertinentium
1835 4865 1870 4918 ad
1890 4875 1933 4930 pe·

1145 4987 1191 5027 ras
1215 4971 1255 5024 vet
1272 4968 1383 5024 bacutos
1399 4967 1523 5034 dandos,
1538 4979 1588 5020 nee
1609 4965 1643 5018 att
1657 4962 1813 5022 obtationes
1828 4959 1854 5013 iu
1867 4973 1935 5026 prve-

1144 5065 1231 5133 cipuis
1246 5061 1453 5126 festivitatibus,
1474 5074 1525 5114 nec
1539 5057 1668 5112 mutieres
1682 5055 1716 5110 de
1728 5062 1809 5124 partu
1825 5063 1937 5120 ιιιιιςιιι-

1146 5165 1186 5210 tes
1203 5155 1352 5225 recipiant,
1366 5153 1419 5207 nisi
1432 5151 1504 5208 torte
1522 5150 1681 5206 detinentis
1704 5145 1788 5201 inerit
1808 5144 1938 5199 sacerdo·

1145 5261 1201 5304 turn
1217 5247 1342 5302 ecciesiae
1361 5256 1530 5307 nvernoratre,
1548 5231 1585 5297 et'
1597 5251 1626 5295 nt
1641 5239 1790 5296 interdicta
1802 5235 1935 5305 episcopi.

1146 5341 1186 5396 vet
1200 5339 1321 5408 capituti,
1343 5337 1364 5390 si
1387 5342 1466 5392 sedes
1479 5334 1642 5406 episcopatis
1652 5341 1781 5393 ‘vacaren
1796 5326 1937 5399 terrentia

1144 5425 1171 5488 ¹ct
1187 5431 1339 5502 spiritualia
1358 5438 1478 5494 servent,
1495 5438 1522 5483 et
1535 5429 1568 5482 ad
1581 5424 1731 5495 capitutum
1749 5421 1938 5478 sicutatii'ca·

1145 5524 1241 5594 pettaui
1259 5523 1385 5586 vernant,
1403 5530 1431 5575 et
1448 5521 1519 5589 vtrvud
1539 5519 1565 5574 in
1581 5533 1615 5574 eo
1630 5525 1762 5572 statuturn
1782 5513 1867 5570 tuerit
1885 5513 1939 5566 ob-

1145 5627 1281 5673 sentent.»

1181 5707 1249 5764 b'utti
1259 5721 1323 5778 ergo
1338 5706 1448 5770 otttrrino
1463 5706 1602 5763 bontiuurn
1612 5687 1613 5694 ἵ
1623 5703 1704 5759 iiecat
1719 5701 1789 5757 bane
1807 5695 1940 5768 tretium
2035 5743 2036 5756 ι
