4125 6334
132 298 198 358 ιιιι
533 293 538 305 ’
622 287 864 348 mrsaorsur
880 291 1130 352 catumeum.-
1143 294 1293 354 annu.
1647 269 1649 272 ’
1691 305 1758 362 rurs

129 425 238 474 ceratum
270 408 408 466 bisantios
443 419 542 464 aureos
577 421 665 478 pesum
696 422 746 464 nos
776 418 805 463 ct
830 408 956 472 laren
1001 411 1058 482 ugo
1071 408 1231 486 Gregorius,
1243 411 1272 469 8.
1286 413 1396 486 Georgii
1410 413 1547 474 adiciunt
1559 431 1673 476 aureum
1686 423 1759 481 diac.

132 506 179 562 des
213 513 324 560 nostros
350 500 430 558 rolris
457 499 503 570 qui
530 513 615 568 supra
652 499 804 556 rencralrili
831 499 921 556 Tirsa-
972 503 1048 558 card.

133 597 212 652 ncnsi
240 595 390 666 episcopo,
415 589 530 660 ejusque
554 590 760 647 successoribus
784 601 812 648 et
841 601 922 661 parte
1007 597 1064 667 Epo
1077 595 1235 665 lautharius,
1252 597 1303 659 88,
1318 597 1406 671 Sergii
1423 609 1450 656 et
1464 599 1563 658 Baoclrl
1578 601 1649 660 diac.
1664 601 1742 660 card.

132 687 186 758 ianr
199 687 280 742 dictae
294 684 423 742 Ecclesiae
433 694 599 752 componere
610 681 802 752 obligavimus,
819 692 849 739 et
862 699 922 740 om·
1007 689 1064 759 Epo
1078 687 1217 755 Nicolnns,
1233 691 1262 746 8.
1276 691 1368 747 llariae
1393 693 1419 748 in
1432 691 1576 750 cosmedin
1593 695 1665 750 diac.
1683 697 1759 753 card.

133 778 179 834 tria
206 776 365 847 supradicta
390 771 549 842 complere:
567 781 597 828 et
618 774 677 828 lame
698 774 794 830 cltarta
813 775 848 830 de
871 775 923 830 lroc
1009 780 1105 836 liatnm
1115 781 1315 854 lacerantum
1329 799 1438 840 manum
1455 784 1554 858 AEgidii
1569 785 1599 842 S.
1615 787 1717 844 Nicolai
1734 789 1761 845 itt

133 872 208 940 qnod
223 867 347 924 constipet
360 864 437 920 llll-²
452 871 481 920 el
501 862 609 918 litbffil
626 871 786 932 limium
802 877 921 934 “millis
972 871 1091 929 earcere
1105 872 1230 930 Tulliano
1244 875 1315 930 ilinc.
1325 877 1416 942 card,
1430 891 1459 932 ut
1474 877 1534 933 llal.
1550 877 1688 946 Octobris,
1703 879 1760 936 ind.

134 967 165 1014 et
184 959 219 1015 de
239 957 285 1014 lris
303 954 432 1011 omnibus
453 951 650 1021 complendis.
671 991 681 1008 .
702 990 710 1006 .
730 963 825 1010 nostro
846 955 924 1010 rolris
973 976 1023 1026 au,
1039 961 1147 1018 incarn.
1165 965 1312 1022 Doctrinicm
1326 966 1489 1029 aoncilii,
1505 967 1680 1036 pontillcntus
1697 967 1763 1026 reio

136 1051 183 1122 qut
206 1061 287 1120 snpra
304 1043 454 1102 venerabili
466 1042 620 1100 Tireanensi
642 1045 770 1115 ‚episeopo
787 1045 923 1114 dedimus,
973 1053 1076 1109 domini
1089 1053 1229 1110 Ctulestiai
1244 1070 1320 1128 papas
1336 1055 1366 1110 lll
1381 1071 1454 1111 anno
1469 1056 1563 1112 tertio.

136 1150 166 1195 ct
180 1135 354 1204 lldejnssorcs
374 1134 440 1190 inde
460 1135 604 1204 posuimus
624 1150 674 1206 per
693 1136 923 1203 convenientiam,
1155 1156 1157 1163 ⁸
1292 1143 1433 1200 cxltltllt.

137 1239 187 1280 ,ηις
201 1224 274 1293 ἥρωι
285 1222 368 1288 rinus,
382 1221 405 1276 si
419 1235 531 1277 siccem
552 1221 647 1287 tueris,
665 1221 698 1278 aa
723 1225 924 1294 pignorandum
974 1211 1071 1268 Antan
1088 1220 1113 1268 et
1127 1212 1265 1268 connenlni
1280 1211 1502 1270 Vollmnirosnno
1525 1215 1666 1286 siginificat,
1682 1216 1763 1272 losn-

135 1313 375 1386 umammm
388 1314 925 1389 “numerumnunerum
1010 1281 1767 1422 tlt,„illulinanitati*'ttttrl‘litltttttt

138 1407 356 1471 wcfflllllllls
374 1416 403 1460 0⁸
417 1415 522 1477 ll⁸rtem
542 1407 624 1463 (¹3⁶¹ae
639 1406 767 1462 &⁶¹³¹ae
789 1409 919 1465 (108318Ιῦ
1011 1423 1085 1476 neusr'
1099 1424 1125 1476 in
1139 1433 1290 1476 sauctorum
1306 1438 1414 1478 numero
1429 1421 1544 1479 relntsus
1558 1439 1624 1480 esse.

140 1495 243 1551 nostris
266 1494 423 1561 mobilibus,
436 1503 465 1549 et
478 1493 666 1552 immobilibus
683 1496 822 1566 pignorari
847 1498 925 1554 licita
1224 1513 1381 1583 (paremur,
1396 1511 1456 1570 θα,
1471 1513 1512 1582 6,)

139 1598 168 1641 et
182 1585 278 1642 illicita
292 1599 380 1656 usqne
394 1587 428 1642 sd
445 1586 543 1655 legem,
561 1597 590 1641 et
604 1587 697 1643 taliter
718 1603 769 1643 nos
783 1589 830 1659 qui
843 1605 925 1660 snpra
1117 1581 1196 1656 [dcto
1207 1581 1378 1649 Sanctorum,
1388 1581 1442 1638 lul.
1460 1593 1480 1641 t.
1492 1582 1536 1652 lll,
1548 1585 1626 1660 888]

140 1676 312 1735 Gninrundus
323 1680 357 1736 tle
370 1679 460 1736 lincea
470 1680 603 1748 llomana,
612 1680 732 1749 qualiter
746 1681 826 1738 raonis
836 1691 925 1738 arcuna
1012 1675 1192 1734 Ccatssrmus
1202 1675 1460 1747 episcopusservus
1475 1692 1615 1736 servorum
1627 1680 1685 1748 liei,
1699 1681 1768 1740 dile·

141 1778 170 1823 ct
184 1783 335 1840 corrgrunm
352 1770 402 1824 init
423 1771 468 1840 qrti
482 1785 565 1841 supra
581 1772 732 1828 renernlrili
751 1771 825 1828 Paret
844 1773 926 1829 Petro
942 1765 1028 1824 Betis
1043 1767 1107 1824 liliis
1120 1767 1211 1824 abbati
1226 1776 1254 1824 et
1267 1771 1413 1824 conventui
1431 1767 1680 1840 Vallis-Umbrum,
1692 1773 1769 1829 saltt-

142 1858 298 1915 'llresncnsi
319 1859 447 1930 episcopo
469 1873 520 1929 pro
541 1870 620 1930 parto
634 1869 663 1916 et
683 1860 744 1918 ricc
768 1871 928 1916 memoratae
980 1864 1034 1912 tent
1053 1865 1079 1910 et
1093 1857 1271 1925 apostolicam
1287 1857 1515 1915 benedictionem.

143 1951 272 2008 Ecclesiae
283 1949 454 2006 'llreanensis
466 1951 654 2017 notillremns,
669 1959 698 2006 et
709 1959 737 2006 te
751 1948 863 2011 Petrum
876 1966 927 2006 nu·
1013 1947 1154 2004 Gloriosus
1170 1948 1243 2005 Dens
1265 1950 1292 2006 in
1306 1950 1410 2007 sanctis
1435 1951 1512 2018 suis,
1526 1959 1555 2006 et
1580 1951 1606 2006 in
1625 1949 1769 2022 ntaiestntc

117 2111 121 2118 Ι
142 2043 254 2109 taslrtnr,
275 2041 321 2112 tnui
338 2041 488 2097 interfuisti
501 2042 622 2098 scrilere
636 2041 804 2113 rogavimus.
822 2041 927 2112 Scripsi
979 2038 1111 2096 mirabilis
1131 2039 1271 2096 ministros
1296 2055 1360 2098 snos
1380 2044 1425 2114 qui
1451 2039 1502 2101 sibi
1515 2045 1649 2101 ueraciter
1671 2052 1699 2099 et
1713 2045 1769 2101 sin·

141 2148 190 2204 epo
204 2133 300 2188 Petrus
313 2134 451 2199 nourrius,
463 2143 493 2188 et
503 2133 615 2190 interlui
635 2134 663 2189 in
679 2133 820 2190 territorio
834 2135 930 2191 Tinea·
979 2149 1043 2190 cere
1064 2133 1232 2198 ministrant,
1248 2149 1302 2188 non
1320 2132 1408 2190 solum
1433 2135 1657 2194 immarcescibili
1673 2137 1770 2194 brasio

143 2223 230 2288 nerrsi,
246 2223 404 2278 ubidicitur
419 2221 621 2281 llerclanicnm.
636 2243 647 2278 ι
980 2237 1007 2284 ct
1020 2235 1123 2283 sturm
1137 2235 1303 2292 intonuerat,
1318 2230 1508 2282 verumetiam
1524 2229 1551 2284 ia
1566 2230 1696 2299 praesenti
1711 2231 1768 2288 rita

179 2315 355 2373 decemimus
379 2328 464 2385 erpo,
493 2323 524 2370 ut
549 2315 617 2372 nulli
644 2315 758 2372 omnino
787 2316 929 2372 lttrminum
981 2315 1240 2387 perexlrllritlonem
1256 2315 1374 2387 plurium
1389 2316 1582 2373 miraculorum
1597 2321 1772 2377 commenda·

144 2404 379 2486 decatpraelstam
396 2403 547 2460 Ecclesiam
562 2412 667 2462 temere
688 2405 869 2475 perturbare,
886 2405 929 2461 vel
981 2410 1051 2465 biles
1075 2409 1176 2474 reddit,
1200 2416 1240 2473 et,
1265 2409 1415 2464 secundnm
1438 2409 1626 2480 propheticum
1647 2411 1772 2482 cerinum,

144 2495 203 2562 eius
226 2496 412 2566 possessiones
445 2494 567 2562 anierre,
596 2495 638 2552 rel
664 2495 772 2552 ablatas
799 2496 929 2557 retinere.
981 2515 1030 2556 eos
1052 2498 1118 2556 lacit
1135 2499 1162 2555 in
1177 2507 1277 2555 ceteras
1301 2515 1362 2556 esse
1385 2501 1527 2567 memoria,
1548 2509 1576 2558 et
1597 2502 1632 2556 ab
1646 2503 1772 2560 anninus

146 2591 270 2646 rrrinnere
292 2604 340 2646 seu
364 2590 530 2659 qrrinnslinet
562 2590 753 2647 resattoaitns
791 2589 932 2660 inrigare,
982 2591 1127 2647 celebriter
1136 2591 1271 2648 uenerari.
1297 2589 1353 2648 Nec
1373 2591 1445 2647 enim
1461 2592 1604 2663 qnisquam
1619 2593 1772 2652 catholicus

146 2679 195 2736 sed
223 2681 315 2736 omnia
330 2679 433 2736 illilrata
455 2690 484 2736 ct
496 2682 601 2751 integra
618 2690 932 2745 consecrentureorurn,
982 2683 1108 2756 ambigit,
1123 2685 1184 2740 cum
1201 2691 1229 2738 et
1240 2683 1293 2740 lroo
1308 2683 1448 2754 Scriptura
1464 2697 1544 2740 sacra
1559 2694 1685 2752 testetur,
1701 2687 1772 2756 qrrod

144 2785 325 2842 proquornm
353 2772 553 2842 gralernatione
579 2781 609 2828 et
637 2770 840 2827 srrsteatatioae
863 2784 931 2825 con·
984 2775 1011 2830 in
1034 2775 1137 2832 sanctis
1162 2775 1290 2832 laudatur
1309 2775 1457 2842 Dominus,
1476 2783 1504 2831 ct
1522 2775 1568 2848 qui
1590 2778 1704 2834 ltunorat
1726 2795 1774 2837 eos

145 2876 223 2918 cessa
238 2871 303 2918 sunt
320 2862 745 2933 nsilrusomnlmodoprofutura,
759 2861 835 2918 salta
856 2861 932 2917 sedis
984 2857 1072 2936 ipsum
1093 2865 1235 2922 llonrinnrn
1259 2881 1372 2940 prorsus
1394 2868 1523 2938 ltnnorat,
1543 2869 1602 2939 ipso
1625 2879 1774 2928 attestante

146 2952 304 3024 apostolicae
326 2955 502 3011 auctoritate.
516 2953 546 3009 Si
571 2970 625 3026 qna
646 2955 729 3026 igitur
755 2954 783 3010 in
810 2952 934 3010 istarum
984 2956 1031 3026 orti
1047 2954 1132 3010 dicit:
1148 2955 1223 3022 «Qui
1251 2970 1299 3011 ros
1316 2956 1434 3012 lronorat
1457 2971 1501 3013 ure
1523 2957 1658 3022 honorat,
1680 2967 1709 3014 et
1728 2955 1774 3027 orti

148 3046 359 3112 ecclesiastica,
384 3045 561 3104 secularisve
589 3061 704 3118 persona
733 3048 805 3104 lrsnu
831 3056 935 3105 nostrae
986 3064 1035 3105 ros
1056 3047 1153 3120 recipit
1175 3061 1218 3102 me
1241 3047 1339 3116 recipit
1354 3046 1465 3118 (dotti.
1485 3063 1516 3114 s,
1534 3047 1620 3119 ddi.»
1647 3047 1680 3105 8ι
1694 3051 1774 3106 item:

147 3136 349 3194 constitutionis
365 3136 493 3207 peginam
504 3135 605 3202 sciens,
620 3145 718 3193 contra
741 3151 802 3194 eam
829 3114 970 3192 sensere<3
991 3139 1094 3207 sernd
1111 3138 1157 3193 uni
1173 3151 1206 3194 ex
1227 3137 1296 3194 meis
1310 3137 1432 3194 minimis
1455 3137 1571 3204 lecistis,
1587 3139 1653 3195 ntllti
1672 3141 1776 3198 lecistis

147 3231 239 3287 restire
251 3229 403 3292 tentaverit,
416 3227 536 3284 secundo
547 3226 661 3283 tertiora
671 3228 785 3291 monita,
797 3229 850 3286 nisi
863 3243 934 3298 prm·
988 3229 1098 3302 (llcttlr.
1112 3243 1178 3296 ιιι,
1192 3226 1266 3300 lul.»
1282 3227 1316 3283 Et
1327 3227 1435 3298 qrtidem
1449 3211 1776 3284 ratinnl⁸conscntanrunt
1793 3208 1796 3218 “

147 3322 327 3394 sumptionem
339 3335 418 3378 suam
430 3335 550 3390 nongrtm
565 3320 754 3378 satislsctions
773 3323 936 3387 sumserit,
986 3335 1048 3376 esse
1060 3319 1200 3390 proluatur,
1218 3327 1249 3374 nt
1266 3317 1484 3390 strandoqrrldem
1504 3318 1676 3388 omnipotens
1695 3319 1778 3375 Pater

150 3414 294 3486 potestatis
309 3414 456 3471 manusve
469 3414 511 3470 sui
531 3413 665 3484 dignitate
677 3421 790 3479 eareat,
808 3427 938 3483 mamque
988 3411 1049 3468 run
1062 3413 1105 3468 sni
1119 3413 1279 3468 coheredes
1297 3423 1330 3466 eo
1344 3425 1399 3481 quo
1415 3410 1503 3480 ipsum
1518 3409 1622 3464 ltonore
1637 3409 1721 3463 voluit
1737 3409 1779 3462 in·

149 3507 281 3562 serlirinu
296 3504 398 3575 judicio
411 3504 556 3570 exsistere,
568 3505 603 3562 ds
625 3513 779 3576 perpetrata
794 3504 939 3575 iniquitate
987 3505 1097 3578 signiri,
1118 3505 1176 3576 ipso
1198 3512 1293 3560 orante
1314 3512 1343 3560 et
1363 3503 1470 3557 dicente
1485 3520 1493 3557 r
1508 3520 1518 3555 r
1532 3499 1611 3570 toto,
1632 3501 1727 3568 Pater,
1748 3507 1778 3556 nt

148 3605 306 3667 cognmcat,
319 3611 335 3651 s
348 3595 523 3653 sanctissimo
533 3610 648 3665 corpora
660 3605 691 3652 et
706 3598 841 3667 moriame
853 3595 900 3652 net
910 3604 940 3653 et
988 3599 1035 3654 ulti
1058 3613 1109 3670 rgo
1123 3613 1194 3661 snm,
1216 3597 1269 3654 illic
1290 3597 1326 3655 sit
1342 3603 1370 3652 et
1388 3594 1512 3650 minister
1531 3608 1608 3650 mens
1622 3593 1713 3667 (loon.
1727 3609 1779 3659 ιιι,

150 3687 257 3744 llomini
276 3685 638 3758 Redemptorisuostrilcsn
656 3687 935 3754 (llaristinlienaliat,
987 3688 1075 3759 26).r
1099 3688 1132 3743 lit
1155 3703 1282 3744 rursurn:
1307 3704 1317 3739 r
1340 3684 1369 3740 st
1390 3685 1452 3754 qrris
1476 3685 1542 3740 milti
1571 3683 1779 3748 ministraverit,

150 3788 233 3850 atoue
247 3779 275 3835 iu
294 3788 418 3835 extremo
438 3778 565 3834 examine
582 3777 719 3834 districts
732 3778 829 3834 ultioni
847 3775 941 3846 subja·
991 3777 1184 3834 lionoriilcsirit
1208 3791 1271 3831 enm
1296 3775 1378 3830 Pater
1401 3788 1496 3841 mens,
1517 3771 1563 3842 qul
1589 3773 1616 3827 iu
1640 3768 1719 3827 coelis
1738 3775 1781 3827 est

149 3880 224 3930 cent.
234 3869 346 3928 curretis
356 3878 447 3926 auteur
458 3870 547 3927 eidem
560 3869 680 3928 locosua
691 3868 753 3939 lurs
767 3869 941 3925 metantibus
991 3852 1083 3942 (lutra.
1105 3884 1156 3934 su,
1176 3867 1266 3939 iti);r
1289 3866 1418 3922 ‘nmrrines
1444 3864 1491 3936 qrri
1508 3879 1542 3920 es
1567 3862 1640 3918 luten
1666 3859 1780 3916 materia
1835 3921 1841 3930 ,

150 3961 188 4017 sit
201 3978 254 4036 pax
267 3963 375 4020 Maniai
389 3962 476 4019 nostri
494 3961 559 4020 lesu
574 3959 690 4026 curisti,
701 3970 877 4046 omunospt
896 3960 940 4016 laic
990 3971 1070 4023 ιιιιιι,
1097 3959 1181 4029 ipsius
1198 3958 1358 4014 rrrernuriarn
1379 3955 1516 4013 ccleltrcnt
1528 3962 1557 4010 et
1572 3961 1736 4010 venerentur
1752 3951 1780 4009 in

151 4055 259 4113 iunctus
269 4055 347 4114 lrnnae
357 4055 475 4111 actionis
487 4052 650 4126 percipiant,
659 4060 687 4108 et
701 4051 773 4123 apml
786 4051 940 4108 districtum
991 4053 1085 4116 terris,
1099 4052 1176 4120 cnjus
1192 4065 1290 4107 nornen
1302 4047 1422 4105 creditur
1433 4049 1563 4116 scriptum
1576 4061 1640 4103 esse
1654 4047 1681 4101 in
1692 4045 1780 4100 coelist

150 4147 273 4223 taonem
294 4148 534 4219 praemissurus
553 4145 629 4216 pacis
649 4145 800 4202 investiant.
814 4145 914 4200 Amen.
1028 4142 1086 4197 llac
1101 4145 1229 4198 nimirum
1245 4140 1467 4198 consideratione
1480 4139 1594 4202 inducti,
1608 4151 1669 4194 cnm
1685 4147 1781 4204 preces

190 4241 433 4314 egressurnm,
446 4237 588 4296 eutlnttcse
599 4235 889 4305 umnstaeptsurpus.
992 4235 1153 4292 dilectorum
1171 4235 1290 4289 liliorum
1310 4240 1466 4288 nostrorum
1492 4229 1604 4300 Georgii
1626 4225 1733 4282 nutans
1753 4236 1782 4282 ct

190 4333 247 4404 nra
260 4332 435 4398 Octauianus,
449 4329 591 4389 usstenu
606 4327 768 4384 velitrensis
786 4327 942 4398 episcopus.
993 4335 1143 4381 corruentes
1163 4322 1380 4378 Passlnianensis
1405 4317 1581 4384 monasterii,
1605 4323 1784 4384 uestrumque

190 4427 247 4500 Epo
260 4427 357 4484 Petrus
371 4423 529 4482 Portaensls
540 4431 570 4478 et
588 4420 620 4477 8.
635 4419 741 4478 lindum
753 4420 908 4490 episcopus.
958 4455 981 4512 D
996 4418 1180 4475 testimonium
1204 4413 1403 4484 recepissemus
1424 4419 1453 4468 et
1475 4411 1594 4475 litteras,
1621 4415 1650 4462 ut
1670 4405 1784 4476 inclytae

190 4518 443 4594 Bnolandulplnrs,
453 4516 576 4574 brulion
590 4513 637 4571 xtl
647 4511 839 4584 Apostolorum
850 4511 943 4583 preslr.
997 4510 1196 4569 recordationis
1211 4507 1356 4573 lnarrnctn,
1372 4505 1510 4575 uitandam
1528 4501 1668 4572 uitiatum,
1683 4497 1786 4554 Vallis·

153 4612 316 4669 esrdiualis.
996 4604 1176 4661 Unrnrosann
1193 4598 1412 4668 congregationis
1427 4595 1621 4657 institutorem,
1635 4590 1681 4662 qni
1697 4589 1784 4646 Gren-

192 4703 249 4773 ssli)
263 4703 402 4766 dmm.
416 4699 459 4756 iil.
475 4697 506 4754 8.
520 4695 672 4754 Clementis
679 4693 765 4752 cord.
776 4691 946 4750 Tusculanus
997 4697 1065 4752 toris
1082 4693 1124 4750 sui
1144 4706 1241 4748 seruus
1256 4689 1375 4761 prudens
1389 4688 1496 4745 exstitit
1509 4694 1537 4741 et
1549 4684 1646 4750 tidelis,
1661 4692 1689 4739 et
1702 4681 1782 4736 ianni-

153 4796 311 4866 episcopus.
996 4788 1040 4845 liae
1054 4788 1104 4842 sibi
1117 4783 1269 4843 commissus
1283 4784 1309 4838 in
1323 4792 1444 4852 tempore
1457 4778 1540 4836 tritici
1555 4790 1711 4832 inuasurum
1732 4773 1784 4828 im-

191 4885 251 4954 Ego
262 4883 305 4938 lo.
320 4880 409 4947 ielis,
422 4880 515 4951 presi.
528 4877 605 4948 cart,
622 4877 665 4933 tit.
685 4875 717 4932 8.
731 4875 875 4932 sumntum.
997 4881 1104 4951 pendit:
1121 4887 1148 4935 et
1160 4891 1253 4948 utrem,
1266 4879 1328 4949 qrtia
1346 4876 1395 4932 luit
1413 4887 1495 4945 snper
1508 4885 1593 4944 pauca
1609 4869 1707 4934 fidelis,
1722 4875 1784 4938 post

192 4975 251 5045 ligo
261 4972 412 5039 lionrnuus,
428 4974 472 5027 tit.
487 4969 519 5030 S.
529 4969 679 5026 Anausis
689 4968 782 5042 preslr.
796 4969 874 5024 cart.
997 4973 1103 5028 oltitnrn
1122 4985 1202 5025 sunna
1216 4983 1298 5041 snper
1313 4965 1397 5024 multa
1410 4965 1541 5022 Donninns
1559 4965 1617 5034 ipse
1631 4959 1784 5026 constituit,

193 5067 251 5139 Epo
284 5066 393 5132 liuidu,
421 5065 514 5138 presit.
534 5065 611 5121 cart.
634 5063 676 5120 tit.
701 5062 732 5121 8.
761 5059 852 5118 Murice
872 5071 948 5118 trans
996 5072 1025 5118 et
1047 5061 1139 5118 multis
1161 5061 1354 5116 miraculorum
1381 5057 1531 5130 privilegiis
1551 5053 1701 5126 insignivit,
1724 5051 1785 5108 istis

156 5164 290 5222 Tilrerm·
998 5155 1081 5211 etism
1098 5152 1276 5223 temporibus,
1292 5161 1321 5207 ut
1333 5151 1445 5214 dicitnr,
1461 5149 1633 5206 incessanter
1654 5145 1783 5208 illustrat,

193 5252 250 5319 lina
260 5250 338 5321 liupo
348 5250 441 5320 presit.
450 5249 528 5308 cord.
537 5249 581 5305 tit.
595 5248 647 5305 88.
660 5247 786 5306 silvestri
798 5255 827 5304 et
840 5246 948 5303 llartini
997 5255 1156 5305 sanctorum
1169 5245 1294 5316 cantalupo
1307 5255 1489 5300 annumerare
1508 5248 1536 5298 et
1547 5238 1707 5296 consociare
1727 5235 1787 5292 uel·

158 5347 203 5402 tlt.
215 5342 331 5412 brutini.
999 5345 1095 5401 matris.
1118 5339 1211 5396 Visum
1236 5339 1328 5410 itaque
1342 5347 1386 5393 est
1408 5336 1499 5401 nobis,
1520 5342 1549 5388 ct
1566 5329 1704 5386 communi
1721 5343 1787 5385 con·

197 5436 435 5510 fli⁰ssf⁶l⁰¹illls
458 5434 501 5493 ¹3¹·
516 5433 548 5494 S·
560 5433 654 5491 ⁸⁸¹5oe
676 5432 706 5488 ll
721 5430 831 5488 Ρθῐῑῑθΰ
855 5429 949 5486 libell·
999 5436 1061 5493 silio
1080 5435 1197 5488 trutmm
1216 5431 1326 5495 insedit,
1343 5438 1370 5483 et
1388 5426 1541 5480 'rririnorum
1557 5424 1747 5494 episcoporum
1759 5425 1787 5474 ct
1807 5442 1811 5500 p

159 5547 226 5588 nne.
697 5537 710 5558 ·
999 5529 1116 5584 allorum
1138 5523 1314 5596 prelatorum
1332 5517 1470 5584 Ecclesia,
1487 5515 1649 5571 deberemus
1670 5512 1702 5567 dc
1722 5525 1787 5566 con·

197 5623 255 5692 dcc
267 5622 435 5698 Gregorius,
455 5622 487 5682 8.
508 5621 641 5697 insueta
654 5619 759 5694 aquiro
772 5617 845 5676 diac.
860 5614 951 5674 cardi·
999 5619 1152 5675 versatione
1164 5614 1284 5685 domem
1299 5609 1362 5668 noni
1375 5609 1427 5664 riri
1440 5618 1467 5664 et
1479 5605 1616 5665 miraculis
1632 5602 1787 5662 testinnonia

159 5713 245 5771 nolis.
1000 5711 1173 5787 praestolari}
1431 5774 1457 5799 Ι,
1481 5743 1534 5787 ,m
