4125 6334
261 287 333 342 ttss
853 243 856 248 ⁸
920 291 1119 350 emensum
1138 292 1172 351 m
1189 297 1302 355 etan.
1488 331 1493 343 ·
1831 317 1899 374 use

258 415 294 457 ne
311 403 344 457 ad
359 416 430 472 quos
448 405 561 474 querefa
584 407 733 476 superbos
753 407 868 464 veniens
883 407 981 464 iterata
1000 414 1088 472 uosh
1108 411 1183 468 attila
1200 413 1301 469 eisdem
1317 415 1410 472 abbati
1437 427 1463 476 et
1486 423 1631 476 conventui
1649 423 1682 476 de
1706 431 1732 478 ιι
1759 439 1899 485 retttaneat

258 493 359 550 debeat
375 505 471 552 contra
493 511 543 552 ros
557 500 658 554 merito
671 513 831 568 provocare.

294 585 361 642 Data
378 586 520 652 horream,
542 603 569 644 tt
593 587 730 647 Kalendas
757 591 1051 664 hettesnamont

258 677 350 734 ttostri
365 692 439 734 euno
455 679 563 748 quinto.

608 773 696 834 CCLl,

256 857 382 915 Comitem
398 859 557 916 Tolosanum
573 863 703 927 hortetur,
726 876 754 920 nt
770 867 868 922 deusne
890 874 1049 930 monasterio

291 928 430 996 &Epidii
442 932 517 986 illuto
533 937 661 986 resarciet
676 951 687 1000 ,·
702 936 818 1006 alioquin
833 955 892 993 eunt
907 946 1019 997 ostendit
1031 961 1050 997 tt

288 999 470 1065 Bitttricrnsi,
498 999 687 1070 Narbonensi,
712 1005 860 1064 Arelatensi
884 1020 910 1065 ιι
934 1014 1050 1084 hqestrtt'

289 1070 493 1141 archiepiscopis
507 1076 764 1129 excommunicatum
777 1078 822 1132 iri.

391 1161 506 1230 (flotttse,
521 1164 590 1233 apud
607 1162 636 1217 S.
650 1164 771 1230 Pctrntu,
788 1168 868 1223 hiant.
886 1173 924 1242 Ι.)

362 1251 447 1326 [ΙΙΙιι.
460 1256 492 1308 de
505 1253 680 1327 Lunpuedoc,
697 1256 745 1322 lif,
761 1259 824 1326 tu..
834 1261 940 1336 pist]

287 1342 467 1402 Coeensrrsus
478 1347 741 1417 episcopusservus
752 1367 892 1408 serrorum
910 1357 967 1423 liei,
979 1358 1048 1415 ‹lile-

251 1445 297 1494 eto
317 1437 373 1492 hlio
388 1438 471 1492 utthili
487 1440 650 1495 vicecomiti
666 1442 801 1499 Tolosauo
814 1484 821 1509 ,
836 1447 962 1513 salutem,
978 1460 1031 1508 etc.

251 1544 258 1590 ι
287 1530 356 1585 Cttnt
372 1530 523 1586 recolendae
539 1533 678 1588 memoriae
694 1545 799 1604 patrem
818 1545 904 1604 tetum,
917 1540 980 1594 olim
995 1542 1047 1596 mi-

253 1620 315 1675 nori
331 1621 475 1691 fungentes
492 1620 600 1688 edicio,
617 1624 731 1680 sineerae
756 1626 931 1683 dilexerimus
954 1631 1043 1684 chari·

252 1715 317 1768 tatis
330 1712 438 1777 alfectu,
452 1721 596 1783 postquam
610 1731 671 1780 aes,
685 1717 749 1772 lieet
764 1718 928 1785 immeritos,
939 1721 965 1775 iu
979 1723 1043 1778 sede
1059 1745 1082 1804 p

1103 503 1216 558 utateria
1244 509 1614 581 conquerendi,ipsnmquo
1643 518 1841 572 monasterinm
1869 521 1897 575 iu

1102 595 1176 648 otuni
1189 595 1319 662 juresne
1334 603 1635 670 eettscrresindemne;
1651 607 1770 677 alioquin
1788 615 1898 669 noueris

1102 701 1152 741 uos
1177 688 1381 744 uenerabilibus
1413 693 1546 750 fratriitus
1580 699 1681 753 uestris
1710 700 1896 770 Bitttrieeusi,

1100 776 1284 847 Narbonensi,
1300 782 1454 840 Arelatensi
1470 825 1477 850 ,
1493 795 1518 841 et
1534 788 1654 858 hqueusi
1671 795 1896 868 archiepiscopis,

1100 877 1242 925 eteorum
1264 872 1443 944 suffragancis
1467 877 1593 932 districte
1616 882 1797 952 praecipiendo
1819 905 1898 944 mau-

1100 958 1189 1023 dasse,
1202 969 1231 1014 nt
1246 969 1271 1016 te
1281 971 1308 1018 ct
1320 978 1414 1020 omnes
1425 966 1529 1034 ltajules
1541 980 1568 1024 ct
1579 969 1701 1028 fautores
1716 982 1788 1041 tues,
1802 991 1896 1037 aneto-

1099 1051 1181 1106 ritate
1204 1063 1308 1122 ttostsa,
1344 1059 1419 1111 omni
1445 1061 1686 1130 cururadictieue,
1716 1066 1846 1126 dilatione
1868 1081 1896 1127 et

1100 1143 1282 1210 appellatione
1305 1159 1450 1217 cessante,
1468 1154 1576 1208 ritteuio
1602 1161 1896 1220 excommunicationis

1100 1231 1246 1300 innodent,
1262 1247 1289 1292 ct
1311 1247 1396 1294 tetam
1420 1252 1519 1298 terram
1543 1256 1616 1302 tuam
1634 1251 1782 1316 subjiciant
1806 1255 1893 1310 iuter·

1098 1321 1184 1388 dicte,
1199 1333 1227 1378 et
1245 1327 1340 1382 tnttdin
1355 1334 1508 1388 sententias
1528 1336 1600 1406 ipsas
1616 1339 1729 1410 siugulis
1744 1343 1893 1402 Dominicis

1098 1413 1203 1483 dicbus,
1227 1420 1345 1486 publice,
1360 1428 1483 1481 accensis
1496 1431 1637 1496 candelis,
1653 1434 1770 1501 pulsatis
1781 1453 1892 1510 eompa-

1097 1505 1140 1558 nis
1155 1521 1208 1561 uou
1226 1507 1353 1566 diliuraut
1369 1515 1521 1578 innovare,
1538 1518 1693 1592 faciantque
1718 1541 1766 1596 per
1783 1530 1891 1585 uniter-

1097 1610 1142 1650 sas
1151 1598 1401 1658 ecelesiassuarutu
1413 1606 1561 1663 dioecesnm
1575 1613 1734 1671 solemniter
1747 1619 1890 1684 innovare,

1097 1696 1123 1740 et
1139 1689 1165 1741 in
1186 1689 1321 1747 univorsis
1336 1695 1398 1750 aliis
1413 1699 1495 1753 terris
1510 1700 1544 1752 ad
1561 1717 1630 1770 quas
1653 1715 1680 1760 tu
1695 1709 1788 1763 sortite
1801 1715 1892 1766 eettti-

250 1805 402 1877 'pomnen
424 1803 556 1859 mmmm
573 1805 670 1862 dmm
685 1807 784 1878 placuit
809 1810 953 1878 collocare.
967 1813 1041 1868 imus
1095 1779 1177 1844 gout,
1191 1779 1254 1833 dtuu
1268 1781 1294 1835 iu
1309 1783 1349 1837 eis
1363 1799 1481 1854 presens
1499 1789 1593 1854 fueris,
1613 1793 1704 1848 tlitiua
1725 1799 1892 1866 prohibeant

249 1897 369 1968 antiqua
395 1896 551 1952 dilectionis
578 1913 751 1969 nequaquam
779 1900 978 1969 immemores,
1006 1905 1041 1960 ad

247 2003 393 2060 persuttatu
416 1997 491 2043 tuam
509 1989 631 2060 ejttsdctu
645 1993 787 2047 charitatis
804 1994 921 2066 ittsiguia
949 2004 1039 2051 tratts·

247 2079 363 2136 fundere
394 2080 590 2150 disposuimus.
605 2081 658 2136 uisi
678 2093 755 2137 aetus
770 2084 808 2137 tui
829 2085 976 2141 sottuttuis
988 2101 1039 2140 ne·

246 2178 311 2224 strse
325 2170 492 2239 propesitum
507 2171 685 2225 retardarent.
695 2170 795 2225 Verum
807 2189 838 2227 ea
849 2173 880 2228 dc
889 2175 942 2228 tuis
950 2175 982 2228 ad
991 2191 1041 2232 nus

247 2259 402 2315 actionibus
423 2257 590 2324 refertrutnr,
610 2275 658 2330 per
674 2275 735 2330 quse
763 2264 871 2318 animus
891 2275 986 2320 noster
1004 2268 1039 2321 ab

246 2349 334 2420 ipsius
346 2350 503 2406 dilectionis
514 2352 622 2412 ardore.
637 2368 792 2422 qttattunam
805 2355 917 2420 inuitus,
933 2359 1040 2430 cogitur

246 2439 381 2506 revocari,
394 2455 443 2496 rtee
460 2450 548 2511 potest
560 2441 604 2497 iile
620 2458 700 2498 uerus
712 2460 789 2500 anter
800 2455 827 2500 ιι
840 2448 945 2519 integer
957 2465 1038 2505 sunm

245 2546 312 2600 erga
328 2539 353 2585 tc
365 2545 530 2587 conseruare
541 2533 672 2602 vigorem,
685 2535 735 2589 uisi
752 2535 821 2591 forte
836 2537 869 2591 de
881 2540 1037 2596 temerariis

245 2623 417 2689 excessibus,
433 2623 531 2691 quibus
542 2623 600 2694 jatu
615 2624 675 2686 tihi.
692 2625 763 2680 sicut
785 2627 950 2694 attdtsttuus,
967 2646 1039 2700 prn-

244 2713 367 2783 cipitinm
384 2715 556 2786 preparasti.
570 2716 660 2770 dehita
676 2716 758 2772 fuerit
779 2719 930 2774 satisfactio
942 2724 1037 2779 subse·

243 2812 318 2860 etsta.
337 2804 499 2860 Audivimus
519 2805 665 2876 siqnidem,
689 2816 716 2862 et
738 2824 792 2864 neu
814 2811 950 2866 modicum
964 2813 1038 2869 dole-

243 2909 301 2951 retu
325 2897 521 2965 ceueepimus,
539 2897 681 2955 audientes
704 2900 777 2970 quod
800 2901 833 2956 ad
856 2903 1034 2961 eeclesiarum

242 2995 272 3042 of
292 2987 480 3059 religiosorum
505 2989 625 3044 locorum
649 2991 783 3060 justitiam
805 2993 907 3049 nullum
930 2997 1035 3055 itabens

1092 1866 1180 1921 olitcia
1213 1870 1365 1940 celebrari,
1399 1877 1484 1934 dottec
1512 1882 1726 1940 satisfactionem
1754 1889 1889 1945 ethihne·

1093 1957 1131 2011 tis
1145 1973 1226 2028 super
1239 1965 1384 2032 ptatutssts
1395 1971 1748 2044 etttttibuscotttpeteuteut;
1767 1983 1888 2039 sciturus

1093 2065 1144 2119 pre
1160 2061 1247 2117 certo,
1266 2057 1337 2124 qttod
1353 2057 1375 2111 si
1392 2059 1418 2112 in
1436 2061 1554 2134 inempta
1573 2069 1674 2124 tttsditirt
1691 2072 1805 2128 tlttxcris
1827 2087 1892 2143 pet·-

1091 2142 1252 2206 sistendum,
1267 2161 1316 2201 tros
1328 2164 1342 2200 a
1352 2150 1778 2230 jttrautcutofidelitatis.qttotibi
1789 2173 1888 2220 terreu-

1092 2238 1136 2286 tur
1147 2235 1263 2297 astricti.
1279 2241 1419 2294 taurinenses
1431 2251 1490 2298 tuus
1505 2247 1629 2305 homiues
1639 2253 1815 2310 :tissoltitnus

1127 2324 1225 2379 Datum
1244 2327 1335 2382 hiemen
1346 2334 1417 2400 apud
1433 2333 1461 2389 S.
1477 2336 1606 2407 Petrum,
1625 2341 1759 2400 Kalendas
1775 2347 1887 2412 dlartii,

1094 2417 1270 2485 pontificatus
1287 2425 1373 2478 uestri
1390 2440 1461 2482 anuo
1477 2431 1584 2497 quinto.

1440 2539 1539 2599 ccttt.

1176 2639 1348 2716 Priuilepiuttt
1368 2665 1416 2718 pre
1432 2658 1590 2712 ntotrorterie
1605 2659 1636 2716 S.
1656 2659 1792 2719 Laurentii

1371 2719 1598 2792 tt'edttptuuetut,

1331 2810 1488 2880 (Laterani,
1504 2817 1582 2875 liert.
1600 2820 1640 2891 7.)

1086 2893 1187 2968 [lineo.
1203 2900 1318 2957 heracleo
1333 2902 1508 2973 Premente,
1525 2919 1544 2967 t.
1561 2911 1591 2978 Ι,
1617 2913 1741 2980 ΡιοΙιιι.,
1760 2935 1787 2990 p.
1805 2921 1885 2998 ΙΙΙ]

1120 2987 1301 3048 coetnsuuos
1312 2997 1473 3064 episcopus,
1488 3015 1584 3058 sertus
1603 3019 1744 3063 serrorum
1760 3011 1826 3078 ltei,
1841 3015 1884 3068 di-

243 3077 344 3133 dirime
374 3080 483 3149 pietatis
510 3081 728 3136 consideratione
746 3094 921 3153 respectum,
947 3075 1165 3156 contagionis
1195 3079 1258 3136 liliis
1287 3084 1452 3143 Cnutsrtauo
1475 3089 1564 3148 abbati
1596 3101 1753 3154 tuottastcrii
1786 3103 1882 3160 Sancti

242 3170 311 3226 siam
326 3169 358 3226 dc
374 3171 513 3240 esperttto
534 3179 561 3228 ιι
585 3171 699 3227 aedilicia
725 3189 784 3242 qttse
803 3174 839 3230 ihi
852 3186 949 3241 eraut,
976 3193 1036 3234 otu·

241 3261 343 3332 niaque
358 3261 391 3316 ad
416 3264 540 3319 eatudcm
554 3264 698 3320 ecclesiam
720 3267 903 3335 pertinentia,
927 3270 954 3324 iu
975 3271 1036 3340 qui·

240 3354 293 3410 ltus
317 3355 441 3413 antithetis
466 3357 584 3412 dilectus
612 3357 685 3413 itlius
713 3369 807 3414 noster
830 3361 915 3416 abhas
939 3359 1034 3418 Sancti

239 3447 341 3520 AEgidii
355 3449 495 3520 piusquam
505 3467 550 3516 ιιι,
560 3450 643 3505 millia
655 3451 766 3508 solidor.
781 3468 811 3508 sc
825 3455 922 3509 asserit
932 3470 1035 3525 expen-

240 3538 329 3605 disse,
340 3549 369 3595 ιι
381 3542 524 3596 ecclesiam
536 3542 570 3595 dc
583 3541 696 3596 Seieera
709 3542 845 3598 hostiliter
855 3544 1034 3612 destruxisse,

240 3643 344 3687 messes
358 3647 452 3688 earum
468 3635 502 3688 de
522 3631 698 3700 cassanicis,
715 3636 749 3690 de
768 3635 903 3706 stagello,
923 3653 974 3708 pro
989 3646 1034 3692 tea

240 3725 378 3794 diripiens
392 3724 543 3789 uoluntate,
556 3726 701 3780 eeclesiam
715 3742 825 3797 quoquc
840 3730 932 3786 Sancti
945 3731 1035 3788 Gene-

239 3817 271 3870 sii
283 3815 635 3872 uioleutcsbeuisontuihus
643 3818 764 3885 spoliasti
773 3838 782 3887 ;
790 3821 958 3878 domoetiam
968 3823 1036 3879 Satn·

240 3907 278 3961 cti
287 3905 406 3960 Atuatttii
419 3905 498 3960 honis
510 3907 637 3961 omuibus
649 3909 788 3974 destituta,
801 3912 934 3980 qtteddam
949 3913 1033 3967 etiam

239 3995 434 4059 molendinum,
452 4005 480 4050 ιι
495 4011 597 4052 messes
614 3997 736 4066 cjttsdeta
751 4002 849 4056 domus
868 4017 918 4072 per
931 4005 1034 4060 violeu-

240 4088 306 4142 tiam
318 4088 472 4157 occupasti,
488 4097 516 4142 et
530 4089 557 4143 iu
572 4091 670 4146 aniutse
685 4101 736 4148 tun
749 4094 897 4162 pertticieru
909 4096 1033 4153 detincre

238 4179 334 4236 illicite
354 4182 574 4250 praesumpsisti,
602 4199 653 4240 nee
678 4185 705 4238 in
730 4186 764 4240 iis
793 4194 854 4242 tuus
880 4186 933 4243 huit
958 4189 1033 4245 httur

237 4287 367 4337 at·ersus;
383 4275 430 4329 sed
443 4285 472 4328 ut
485 4277 572 4345 magis
587 4285 640 4332 tuos
662 4277 774 4333 tttatttiu
794 4293 941 4348 perversus
955 4292 1033 4336 uota·

239 4377 328 4432 retur,
343 4366 371 4420 iu
386 4366 594 4437 suggilationem
618 4371 774 4425 utettastcrii
798 4371 894 4427 Sancti
909 4371 1029 4444 AEgidii,

1086 3167 1227 3227 Laurentii
1245 3174 1272 3227 iu
1299 3175 1519 3250 chituhuscu,
1546 3183 1661 3258 ejusque
1677 3190 1807 3248 frattribus
1823 3207 1881 3252 taut

1086 3267 1267 3336 praesentibus
1286 3287 1368 3340 quatu
1392 3273 1512 3345 futuris,
1530 3285 1661 3350 preclara
1679 3287 1733 3342 tito
1748 3289 1881 3360 professis

1086 3356 1113 3410 iu
1129 3367 1298 3428 perpetuum.

1123 3447 1288 3519 {tetigissem
1314 3455 1397 3511 uitem
1413 3458 1580 3530 eligentibus
1605 3470 1783 3536 apostolieum
1811 3489 1881 3529 con·

1084 3541 1162 3595 seuit
1176 3543 1272 3599 adesse
1286 3547 1454 3618 prestetum,
1469 3567 1503 3607 ue
1517 3555 1588 3610 forte
1604 3557 1749 3624 cujuslibet
1765 3565 1879 3620 tenteri-

1085 3633 1149 3688 tatis
1172 3634 1319 3703 itteursus,
1346 3648 1392 3694 aut
1416 3656 1463 3697 eos
1487 3660 1502 3698 a
1526 3649 1666 3718 proposito
1682 3665 1793 3708 reuocet
1809 3695 1817 3721 ,
1832 3665 1880 3711 aut

1084 3725 1178 3792 robur,
1195 3731 1267 3799 qnod
1280 3732 1374 3788 absit!
1394 3735 1533 3802 religionis
1559 3740 1699 3814 infringat.
1716 3745 1878 3816 Eaprepter,

1084 3815 1177 3872 dilecti
1205 3820 1232 3874 iu
1257 3821 1371 3878 Domino
1398 3824 1463 3892 lilii,
1493 3831 1689 3900 vestrisjustis
1717 3839 1879 3906 postulatio·

1084 3908 1165 3964 nihus
1191 3911 1342 3967 clementer
1364 3919 1529 3982 ettunituus,
1557 3931 1584 3975 et
1611 3927 1754 3990 praefatum
1779 3946 1877 3986 ttteua·

1083 4002 1197 4057 sterium
1214 4005 1307 4060 Sancti
1323 4005 1460 4063 Laurentii
1480 4012 1507 4064 tn
1524 4011 1758 4086 chitukltusen,
1778 4023 1804 4076 itt
1821 4039 1878 4096 qtto

1083 4096 1177 4152 diuiuo
1191 4100 1335 4169 mancipati
1349 4103 1416 4157 estis
1429 4105 1581 4176 obsequio,
1606 4117 1657 4166 suit
1676 4113 1747 4168 beati
1760 4115 1837 4173 Petri
1848 4131 1877 4176 ot

1084 4196 1177 4241 uestra
1198 4191 1371 4258 protectione
1394 4196 1567 4268 suscipientes,
1583 4209 1610 4254 et
1625 4206 1766 4272 proesentis
1780 4211 1875 4280 scripti

1082 4285 1225 4358 priuilegio
1243 4291 1465 4360 contuntuiutus;
1485 4298 1511 4350 in
1536 4299 1631 4366 primis
1654 4303 1788 4371 siqnidem
1817 4313 1874 4358 sta-

1084 4384 1201 4443 tuentes,
1219 4387 1248 4432 ut
1270 4381 1339 4434 erdo
1361 4385 1508 4441 eanonicus
1523 4390 1568 4457 qui
1583 4394 1732 4448 secuudum
1747 4393 1831 4450 Deum
1844 4405 1873 4449 et

238 4461 310 4528 quod
337 4459 370 4512 ad
393 4473 443 4513 nos
469 4455 545 4515 uelle
571 4461 691 4531 pertinet
716 4465 874 4530 meditante,
893 4470 1030 4535 quoddam
1047 4451 1153 4523 Dueatt
1172 4470 1316 4540 hugustitti
1335 4473 1465 4545 lingulam
1481 4488 1563 4551 atque
1581 4483 1779 4541 iustitutionem
1795 4485 1870 4542 Prte-

236 4551 319 4606 etiam
331 4560 451 4606 castrum
464 4552 492 4607 iu
504 4553 626 4623 eiusdem
640 4554 740 4610 allodio
752 4568 915 4613 cottstruere
927 4568 1028 4618 temere

237 4643 447 4714 praesutttpsisti;
462 4645 488 4698 iu
502 4658 555 4712 quo
567 4644 697 4700 nimirum
713 4662 836 4711 excessu,
851 4661 950 4718 praeter
960 4651 1029 4706 alias

236 4733 368 4803 ittjnrias,
387 4750 447 4806 qun
462 4735 512 4806 ipsi
528 4738 654 4793 eoeuobio
678 4752 729 4807 per
743 4749 769 4795 to
784 4751 878 4795 coetera
889 4742 1029 4809 jerannen-

237 4836 294 4883 tnm
312 4834 410 4893 tuum,
427 4828 499 4884 sicut
518 4828 546 4884 iu
564 4829 747 4885 instrumente
764 4831 836 4886 bulla
853 4842 899 4888 tna
925 4837 1029 4892 munito

235 4919 377 4976 evidenter
406 4927 542 4988 apparet,
569 4920 693 4991 irrogata
719 4925 863 4990 dicuntur,
890 4927 974 4982 abhas
1001 4938 1029 4985 ct

235 5018 387 5069 conuentus
402 5009 527 5078 ejusdem
541 5009 594 5065 leci
609 5028 692 5082 grate
705 5013 849 5073 admodum
866 5025 893 5072 et
913 5019 1028 5072 damno·

236 5119 296 5160 snm
310 5102 489 5172 requiruntur
499 5102 687 5172 protectorum
707 5107 931 5174 sustittere.Quie
945 5108 1028 5179 igitur

235 5209 269 5250 eo
284 5191 364 5248 ruodo
375 5190 441 5246 iilud
452 5191 654 5260 amplectimur,
669 5200 700 5248 ut
710 5192 846 5260 incurram
858 5197 952 5265 ipsius,
968 5207 1027 5253 tan-

235 5299 317 5354 quam
330 5282 409 5338 uoltis
423 5281 538 5347 illatam,
550 5297 602 5338 nos
615 5283 666 5355 ipsi
681 5286 802 5352 grauiter
816 5288 959 5356 patiamur,
977 5306 1027 5346 no·

234 5375 332 5432 bilitati
346 5385 398 5429 tuac
413 5388 461 5445 per
472 5375 619 5444 apostolica
635 5379 736 5447 scripta
752 5381 922 5446 mandamus,
938 5385 1026 5440 etsuh

236 5467 420 5523 anathematis
446 5469 670 5526 interminatione
694 5471 818 5528 distrtcte
840 5477 1024 5545 precipimus,

235 5570 372 5629 qnatenus
385 5560 545 5629 praedictum
557 5573 678 5617 castrum
699 5564 769 5619 dirui
785 5564 873 5621 facias
888 5569 948 5622 siue
964 5585 1024 5623 tttu·

235 5664 277 5713 ra;
292 5651 449 5718 superabis
463 5651 570 5721 injuriis
582 5665 609 5708 et
624 5654 735 5710 destruis
751 5649 877 5727 praefato
889 5670 1025 5717 ntortaste·

232 5742 279 5802 rio
302 5741 450 5814 irrogatis,
474 5742 512 5799 ita
536 5745 729 5805 satisfacturus
744 5751 777 5806 ad
799 5751 931 5825 plenum,
951 5756 1023 5825 quod

1082 4565 1328 4622 monstrateusium
1348 4568 1463 4623 fratrum
1486 4571 1513 4625 itt
1536 4574 1629 4630 cedent
1652 4575 1712 4631 loco
1733 4576 1873 4633 institutus

1081 4653 1263 4725 dignoscitur,
1280 4663 1419 4732 perpetuis
1431 4663 1531 4720 iltidetu
1549 4670 1716 4739 temporibus
1730 4671 1872 4728 ittsiolahi·

1081 4745 1144 4802 liter
1153 4749 1324 4806 observetur.
1341 4755 1473 4808 Praeterea
1484 4770 1662 4826 quascunque
1672 4761 1871 4828 possessiones,

1081 4851 1252 4912 utracunque
1276 4845 1372 4912 bona,
1398 4847 1469 4902 idem
1494 4854 1687 4908 ntouasteriuut
1712 4855 1872 4927 impresen-

1080 4933 1178 4988 tiarum
1199 4935 1273 5003 inste
1285 4937 1405 5007 possidet
1418 4979 1426 5004 ‚
1441 4949 1488 4994 aut
1514 4941 1540 4995 ia
1555 4942 1674 5000 futurum
1691 4950 1872 5006 concessione

1079 5023 1249 5094 pontificum,
1266 5026 1411 5099 largitione
1431 5045 1525 5100 regem
1550 5034 1590 5089 rei
1611 5038 1778 5106 principum,
1793 5040 1871 5094 ebla-

1080 5113 1151 5169 tieae
1174 5115 1316 5183 fidelium,
1340 5133 1387 5174 seu
1409 5121 1470 5178 aliis
1484 5122 1565 5192 justis
1589 5125 1695 5192 modis,
1722 5140 1870 5198 praesmnte

1081 5205 1193 5262 Domino
1208 5246 1215 5272 ,
1230 5210 1330 5278 poterit
1352 5213 1487 5282 adipisci,
1509 5215 1586 5271 hruta
1612 5216 1690 5275 ruitis
1715 5222 1869 5290 uestrisque

1078 5299 1283 5354 suecessoribus
1298 5313 1325 5357 ct
1337 5302 1439 5358 illibata
1452 5319 1639 5374 pertuaneaut.
1655 5309 1685 5366 in
1700 5313 1797 5382 qttiltus
1809 5311 1869 5368 lime

1077 5390 1193 5457 propriis
1207 5391 1333 5447 dusituus
1345 5397 1519 5465 exprinteuda
1534 5401 1692 5458 vutzahuhs:

1113 5477 1213 5534 Lucum
1241 5483 1328 5553 ipsum
1358 5487 1385 5540 itt
1417 5501 1471 5555 quo
1499 5489 1641 5561 praelatum
1669 5496 1868 5554 monasterinm

1077 5570 1159 5625 situm
1181 5585 1236 5640 est,
1261 5593 1324 5632 cum
1344 5582 1472 5636 omuibus
1496 5586 1685 5656 pertirtcutiis;
1710 5590 1814 5645 curiatu
1837 5588 1866 5642 in

1078 5663 1212 5722 diarseltle
1235 5672 1307 5737 quod
1326 5670 1461 5728 liottricus
1474 5689 1565 5729 centes
1581 5677 1613 5730 de
1626 5679 1795 5752 hraesbery,
1816 5679 1867 5750 qni

1078 5761 1273 5817 ntentasterium
1288 5772 1407 5822 uestrum
1427 5766 1471 5837 pia
1496 5769 1715 5830 eottsidsratioue
1736 5773 1865 5830 ttutuetns

2054 929 2057 1050 Ι

2054 1181 2057 1264 ι
