4125 6334
247 286 315 362 t‘ttt

749 280 786 290 ”
866 302 1063 364 ctumsrtm
1082 307 1116 360 ιιι
1134 305 1231 364 raris

1807 311 1873 370 titt

223 418 312 491 'gilae
332 417 483 489 prioratum
510 417 544 473 de
570 419 593 452 ⁸¹
617 419 734 486 Proelia,
767 435 829 476 eum
852 423 1028 493 pertinentiis
1044 427 1068 485 Α
1083 424 1141 478 sire
1152 424 1186 478 ab
1201 423 1411 495 archiepiscopis
1424 433 1451 480 et
1466 423 1580 480 ducibus
1588 423 1755 496 Aquitania.
1766 443 1874 484 uccuuu

246 509 315 579 ntis.
329 504 359 563 te
373 509 564 565 Cameracensi
578 509 689 566 dioecesi
704 511 840 566 abbatiam
852 513 883 566 S.
894 513 917 545 ⁸’
930 515 1032 584 Diony·

244 599 282 656 sii
293 600 327 654 de
341 599 481 661 brocares,
494 613 555 655 curn
571 600 706 667 ecclesiis,
721 601 836 656 deciruis
851 610 878 656 et
893 603 955 659 allis
973 618 1032 673 per·

248 689 372 745 tinentiis
384 689 450 744 suis.
464 688 494 743 lu
509 689 699 746 Suessionensl
720 685 831 748 dioeoesi
847 693 986 764 prioratus
1003 695 1026 727 ¹⁸

247 779 278 834 S.
300 776 459 850 leodegarii
478 787 506 833 ct
520 779 545 812 ⁸·
557 778 587 834 S.
609 780 683 835 Pauli
701 780 735 836 de
753 797 872 845 ocurrere,
888 791 916 836 et
935 781 1029 839 ttettae·

247 869 336 924 ratttc.
354 871 383 926 la
398 870 572 927 bauriurrcosi
586 873 707 938 rlioeeesi,
727 875 865 943 prioratus
879 875 993 948 dchsy
1006 886 1034 931 ct

246 958 278 1015 S.
292 958 431 1017 enteca
449 961 483 1016 de
503 960 616 1031 lapion.
629 963 658 1018 ln
672 963 801 1019 {ternensi
824 966 934 1020 dioecesi
954 968 1031 1037 prio·

248 1058 339 1104 rstattt
350 1050 375 1082 ⁸⁰
389 1048 492 1107 doreti.
505 1049 533 1105 ln
546 1049 734 1108 catalaunensi
751 1054 863 1110 dioecesi
876 1055 1026 1125 prioratum

245 1137 282 1194 de
290 1138 421 1210 Clretbry.
428 1137 457 1194 lu
466 1138 616 1195 Senonensi
626 1141 736 1198 dioecesi
747 1145 896 1213 prioratum
907 1143 1033 1200 Nerortis·

246 1229 327 1287 rlllae.
348 1228 378 1285 bt
401 1229 594 1286 bureliauertl
620 1233 730 1287 clloecesi
750 1235 900 1303 prioratum
921 1233 951 1288 S.
963 1235 1031 1288 Bar·

245 1318 384 1373 tbolomaei
398 1318 421 1352 ⁸⁸
438 1320 471 1375 de
486 1320 556 1375 Sede
569 1319 645 1386 lieri,
666 1338 727 1378 cum
751 1324 878 1379 ccelesiis
896 1323 925 1379 S.
947 1323 1032 1379 loan-

1085 521 1112 567 et
1125 513 1186 568 aliis
1200 514 1273 568 illius
1288 525 1368 570 terret
1385 515 1534 570 baronibus
1554 517 1721 572 monasterio
1740 527 1768 572 et
1788 518 1875 572 irenti-

1087 605 1166 660 nibus
1191 605 1291 660 vestris
1313 604 1423 672 pietatis
1439 612 1468 659 et
1491 604 1875 676 religionis*consideratione

1086 693 1204 750 indultas
1217 706 1292 748 ratas
1304 693 1452 754 habentes,
1463 683 1627 750 auctoritate
1640 695 1791 764 apostolica
1806 713 1876 751 con·

1085 786 1243 851 brutanuts,
1260 793 1409 840 statuentes
1440 794 1487 850 ut,
1510 785 1582 839 stent
1609 785 1751 841 abeodem
1769 789 1874 857 praede-

1084 889 1193 928 cessore
1217 885 1310 929 nostro
1334 883 1466 928 statutum
1487 872 1572 928 tuisse
1592 873 1780 943 dignoscitur,
1797 877 1872 932 nulia

1084 964 1270 1020 ecclesiastica
1297 965 1470 1046 secularisve
1494 977 1612 1034 persona
1634 965 1804 1022 habitatores
1826 984 1874 1021 re-

1084 1051 1157 1112 stros
1170 1058 1204 1112 ad
1223 1073 1299 1112 artua
1315 1055 1494 1127 compellere,
1512 1058 1554 1114 tel
1567 1058 1702 1114 indebitas
1714 1060 1873 1114 exactiones

1084 1147 1119 1200 ab
1133 1145 1174 1200 eis
1185 1153 1347 1215 extorquere
1356 1155 1539 1216 prasumat...
1553 1143 1727 1216 Sepulturam
1740 1156 1871 1215 praetcrea

1084 1237 1155 1291 illius
1170 1235 1221 1291 luci
1235 1237 1348 1292 liberam
1361 1247 1421 1291 esse
1434 1237 1617 1300 decernimus,
1638 1245 1670 1290 ut
1680 1251 1773 1292 corum
1788 1239 1873 1292 deuo·

1085 1327 1152 1382 tioui
1164 1337 1191 1381 et
1206 1337 1336 1381 extremae
1350 1327 1494 1392 voluntati,
1508 1328 1553 1397 qui
1568 1342 1599 1382 se
1613 1325 1667 1382 tttte
1682 1328 1791 1398 sepeliri
1804 1327 1873 1382 deli-

144 1959 148 1966 ’
246 1951 281 2004 s‘d
291 1952 498 2006 couversionem
513 1953 645 2024 recipcre,
660 1962 687 2009 et
712 1969 760 2011 eos
778 1955 882 2026 absque
897 1959 1051 2012 contradi-'-

248 1409 292 1462 uis
304 1409 338 1463 de
350 1408 374 1440 ⁸·
387 1409 494 1481 curcy,
510 1420 537 1464 et
555 1409 587 1466 S.
610 1412 796 1500 Simphotiani
819 1413 853 1470 dc
875 1413 1029 1484 Complens.
1083 1420 1251 1483 beraterint,
1268 1418 1318 1474 nisi
1335 1419 1404 1474 torte
1426 1417 1655 1474 excommunicati
1672 1418 1715 1474 uei
1734 1418 1871 1474 interdicti

223 1533 229 1542 ·
246 1497 270 1530 ⁸⁸
283 1497 355 1553 Sane
370 1500 507 1554 novalium
521 1513 686 1565 vestrorum,
696 1517 757 1574 quae
771 1504 890 1573 propriis
905 1506 1033 1564 manibus
1083 1511 1147 1572 sint,
1159 1511 1248 1566 trullus
1259 1510 1391 1573 obsistat;
1404 1509 1579 1564 salvatamen
1590 1509 1697 1579 iustitia
1706 1509 1817 1564 illarum
1827 1525 1871 1564 ec·

246 1597 293 1642 aut
308 1589 461 1658 sumptibus
474 1591 584 1654 colitis,
603 1592 660 1646 site
675 1594 710 1647 dc
727 1594 904 1666 nutrimentis
926 1598 1032 1652 anima·
1083 1601 1225 1658 etesiarum
1241 1617 1256 1656 a
1280 1600 1376 1670 quibus
1401 1608 1568 1654 mortuorunt
1596 1613 1712 1670 corpora
1724 1613 1872 1655 assumun-

245 1676 312 1732 ttncn
327 1685 491 1743 uestrorum,
507 1679 596 1735 trullus
610 1683 626 1734 a'
640 1681 718 1736 robis
733 1681 856 1738 decimas
868 1683 979 1753 eripere
990 1683 1031 1739 rel
1084 1703 1138 1748 rur,

247 1778 414 1838 extorquere
429 1781 585 1839 immil-
599 1771 902 1843 Lice³¹11l¹¹⁰lll¹¹³l⁰lli⁸
916 1775 1033 1832 clericos
1048 1744 1070 1798 B
1125 1784 1302 1839 beccrnimus
1319 1797 1397 1854 erpo,
1410 1790 1441 1836 ut
1458 1783 1524 1839 nulli
1537 1783 1676 1837 hominum
1690 1780 1730 1838 las
1746 1781 1782 1836 sit
1803 1795 1875 1850 prac-

246 1857 696 1918 Velltlctttlibetoscltbsobrtos
711 1866 883 1922 crescente
899 1868 1036 1937 fugientes
1088 1873 1170 1928 latam
1186 1875 1331 1931 ecclesiam
1349 1885 1451 1930 temere
1470 1875 1644 1942 perturbare,
1661 1881 1708 1926 aut
1727 1873 1787 1943 ejus
1809 1887 1873 1942 pos-

1086 1965 1224 2018 sessiones
1246 1961 1367 2024 auierre.
1385 1963 1491 2016 abintus
1515 1963 1646 2026 retinere,
1666 1961 1799 2024 minuere,
1824 1975 1877 2014 sert

244 2039 340 2096 cilone
352 2037 442 2110 aliqua
454 2040 582 2096 retinere.
597 2040 666 2096 Cum
676 2053 767 2098 autem
780 2044 908 2114 generale
920 2046 1036 2102 interdi-

246 2141 320 2187 ctuut
334 2141 414 2188 terre
428 2132 520 2201 luerit,
532 2133 612 2189 liceat
623 2136 708 2203 robis,
717 2137 816 2192 clausis
822 2136 927 2206 januis,
939 2138 1037 2208 eapul-

246 2225 557 2304 siseaeoutaumicatis
587 2237 615 2284 ct
646 2229 815 2294 interdictis,
841 2245 894 2286 nort
919 2234 1035 2300 pensatis

245 2315 557 2396 receperinpuppressa
584 2331 650 2373 rece
667 2318 758 2373 diuina
772 2319 865 2375 altit-la
881 2321 1042 2377 celebrare.

194 2459 201 2469 ,
246 2405 276 2464 Ιιι
307 2407 510 2480 parochialibus
535 2417 626 2464 autera
653 2408 792 2476 eeclesiis,
819 2425 887 2480 quas
910 2412 1040 2477 habetis,

246 2498 328 2558 llceat
342 2499 420 2557 robis
433 2499 590 2556 sacerdotes
613 2500 725 2571 eligere,
741 2511 770 2556 et
792 2499 950 2558 diocesano
971 2503 1033 2573 epi·

245 2603 331 2659 stopo
345 2599 520 2661 prasentare,
532 2590 642 2660 ouibus,
656 2592 678 2646 si
690 2591 780 2647 idonei
799 2592 910 2659 luerint,
928 2595 1035 2664 cpisco-

246 2694 298 2749 pus
309 2681 463 2737 salutarunt
473 2695 569 2738 curam
578 2683 742 2748 rorrmrlttat,
759 2690 788 2738 ut
800 2683 827 2739 ei
840 2685 873 2738 de
884 2683 1035 2752 spirituali·

245 2773 308 2838 bus,
317 2773 1040 2842 robisatttemdetemporalibusdebeantrespoudere.··

1086 2052 1249 2123 quibuslibet
1263 2050 1452 2105 vexationibus
1466 2051 1601 2120 iutiparc;
1625 2049 1673 2104 sed
1695 2048 1786 2105 omniu
1803 2049 1878 2102 lutc-

1086 2159 1134 2215 pra
1149 2149 1347 2198 coraserventur
1357 2155 1464 2202 scruto,
1484 2155 1532 2209 pro
1545 2155 1661 2209 quorum
1677 2139 1876 2210 gubernatione

1088 2247 1120 2288 ac
1136 2231 1335 2288 sustentatione
1360 2245 1491 2286 correessa
1506 2241 1581 2294 suut,
1597 2230 1692 2285 usibus
1709 2231 1877 2286 omnimodis

1085 2322 1237 2394 protutura,
1247 2321 1321 2376 salua
1330 2319 1404 2376 sedis
1413 2319 1567 2390 apostoticae
1581 2321 1753 2386 auctotoritate,
1764 2324 1875 2378 etdioe·

1086 2413 1180 2468 cesarii
1202 2411 1324 2482 episcopi
1350 2411 1482 2465 ceutronicu
1500 2411 1659 2481 portua...
1677 2409 1706 2465 Si
1721 2426 1775 2481 qua
1790 2399 1877 2482 igitrm

1087 2502 1114 2556 in
1128 2500 1250 2555 iuturuni
1268 2499 1455 2556 ecelesiastica
1478 2499 1651 2554 saecularisve
1672 2513 1788 2568 persona
1805 2502 1877 2555 hane

1086 2602 1184 2666 nostra*
1196 2591 1394 2648 constitutionis
1405 2590 1530 2659 paginam
1543 2590 1645 2654 sciens,
1654 2599 1749 2646 contra
1764 2605 1824 2645 eam
1840 2601 1879 2646 te·

1086 2697 1160 2737 rtreru
1174 2683 1267 2736 seruire
1276 2679 1431 2743 terrtuucrit,
1445 2679 1564 2734 secundo
1574 2679 1687 2734 tertiove
1696 2679 1875 2738 commonita.

1085 2772 1138 2827 uisi
1152 2778 1257 2826 reatum
1272 2785 1351 2826 suum
1367 2783 1487 2837 corrprnu
1508 2768 1697 2824 satisfactione
1709 2769 1876 2831 corteaerit,

245 2860 374 2920 Cirrlsrua
407 2877 490 2932 sero,
517 2864 606 2919 oleum
636 2863 785 2932 sanctum,
810 2866 1034 2921 consecrationes
1084 2864 1229 2935 potestatis
1248 2861 1414 2930 leonorisquc
1425 2861 1467 2914 sui
1484 2860 1614 2930 dignitate
1629 2867 1732 2923 careat,
1744 2855 1895 2928 reatuque

247 2950 380 3009 altarium
408 2969 457 3009 seu
471 2953 658 3020 basilicarum,
684 2953 873 3011 ordinationes
886 2945 1035 3011 artorracbol
1085 2971 1115 3010 sc
1125 2951 1450 3022 dirinojudicioeaistcre
1464 2951 1497 3006 de
1512 2957 1666 3021 perpetrare
1678 2949 1819 3032 iniquitute
1829 2965 1878 3002 cn-

247 3059 308 3098 runt
328 3044 371 3098 rel
385 3043 561 3111 elericorum,
575 3045 622 3114 qui
642 3032 682 3100 ad¹
699 3059 793 3100 sacros
806 3046 918 3100 ordines
932 3046 1031 3100 luerim
1048 3066 1071 3126 ρ
1087 3058 1211 3118 gnoscat,
1226 3055 1253 3102 et
1269 3063 1284 3101 a
1300 3046 1486 3101 sacratissimo
1499 3059 1616 3114 corpore
1631 3052 1660 3100 et
1678 3043 1811 3112 sanguine
1827 3041 1876 3095 lici

247 3133 436 3204 promerendi,
460 3151 476 3189 a
496 3135 655 3192 dioecesano
679 3136 821 3208 accipietis
845 3137 985 3207 episcopo,
1010 3137 1034 3191 si
1089 3147 1116 3194 et
1130 3137 1235 3192 botuuini
1251 3137 1443 3206 Redemptoris
1467 3135 1554 3190 nostri
1572 3131 1636 3188 lesu
1659 3132 1763 3190 Christi
1786 3131 1875 3184 alienu

247 3225 356 3297 quidem
367 3227 519 3284 catholicus
534 3227 627 3294 interit,
643 3240 671 3284 et
681 3230 796 3300 gratiam
811 3239 895 3299 atque
908 3244 1034 3284 cornruu·
1088 3231 1155 3293 liat,
1184 3239 1265 3298 atryue
1287 3229 1313 3282 in
1338 3237 1464 3283 extremo
1480 3226 1607 3281 examine
1624 3223 1754 3280 districtae
1779 3222 1876 3275 ultioni

248 3318 356 3373 uieneta
366 3318 520 3388 apostolicae
533 3320 605 3375 sedis
616 3319 750 3382 babuertt,
762 3329 831 3375 etea
845 3319 923 3375 robis
939 3319 1034 3390 pratis,
1087 3321 1235 3390 srtlrjaceat.
1250 3318 1362 3374 Cunctis
1374 3328 1463 3373 autem
1478 3317 1564 3372 eidem
1591 3315 1652 3370 loco
1672 3313 1733 3382 jura
1747 3327 1796 3366 sua
1810 3325 1876 3365 ser·

247 3417 276 3464 et
287 3411 392 3479 absque
406 3409 541 3480 pravitate
552 3410 644 3480 aliqua
665 3409 782 3464 volucrit
805 3408 934 3464 exhibere
947 3427 955 3462 ε
969 3413 1036 3463 abo·
1087 3414 1211 3466 rotatibus
1227 3412 1263 3466 sit
1274 3410 1438 3480 pasbomiru
1455 3405 1877 3474 nostrllosrtchristi,quatcurrs

247 3498 312 3566 quin
326 3497 693 3569 liceatrobisquemcunryue'
705 3499 854 3555 nraiuetitls
869 3499 1040 3554 catholicum
1087 3502 1172 3560 ethic
1189 3501 1307 3556 fructum
1323 3502 1399 3556 bonae
1423 3501 1538 3554 actionis
1563 3496 1723 3568 percipiant,
1749 3504 1776 3548 et
1803 3495 1875 3561 apud

248 3587 325 3643 adire
336 3588 495 3651 antistitem,
509 3589 667 3665 ‹yr1i,rtostru
684 3589 766 3645 tultus
777 3590 951 3654 auctoritate,
962 3589 1034 3659 quud
1087 3595 1242 3650 districtum
1255 3593 1376 3665 judicem
1390 3592 1499 3662 praemia
1511 3599 1619 3645 aeterum
1633 3587 1708 3657 pacis
1721 3587 1872 3644 inueniant.

248 3678 405 3749 postulatur
416 3679 567 3748 indulgeat.
1038 3682 1040 3690 '
1087 3691 1183 3742 briaen.
1756 3701 1758 3704 ·

283 3769 325 3826 td
339 3769 402 3836 hoc,
417 3770 543 3840 praesenti
556 3772 823 3836 decretostatuimus,
834 3780 863 3827 ut
872 3772 988 3828 obeunte
997 3774 1039 3838 te,
1121 3779 1178 3846 Ego
1191 3775 1364 3838 coetestinue,
1381 3773 1520 3828 catholicae
1538 3773 1666 3828 Ecclesiae
1679 3771 1834 3841 episcopus.

248 3875 321 3918 uuus
337 3862 423 3928 ipsius
440 3861 492 3916 loci
508 3862 620 3925 abbate,
640 3863 683 3917 sel
707 3873 815 3916 tuorum
836 3865 957 3932 utrolibet
972 3880 1035 3919 suc·
1122 3870 1176 3938 ligo
1202 3868 1310 3930 Petrus,
1326 3865 1395 3920 tituli
1420 3863 1449 3918 S.
1470 3864 1587 3919 Cerillae
1605 3859 1873 3932 presbcardiuolir.

248 3957 402 4015 cessorem,
422 3951 514 4008 nulius
526 3953 562 4007 ibi
577 3953 697 4021 qualibet
715 3955 900 4024 subreptionis
911 3954 1032 4023 astutia,
1095 3979 1103 3996 ι·
1121 3957 1178 4028 Ego
1190 3951 1668 4025 londanuspresbytcreardiualisS.
1679 3949 1794 4015 Puden,
1805 3945 1873 4001 tituli

248 4059 297 4098 scu
315 4041 444 4099 detentis
459 4054 645 4116 praeponatur,
667 4045 717 4100 nisi
743 4060 823 4115 quom
846 4044 1035 4102 batrescom-
1085 4046 1216 4102 Pastoris.
1309 4071 1312 4078 ·
1582 4059 1583 4064 ’

248 4132 323 4188 matri
337 4132 496 4200 consensu,
507 4135 551 4189 rel
567 4132 680 4188 iratru‘ur
703 4145 766 4202 pars
781 4133 888 4188 corasiiil
904 4135 1033 4200 sanioris,
1096 4163 1100 4170 ·
1121 4139 1175 4208 Ego
1188 4136 1318 4201 loannes,
1339 4133 1406 4190 tituli
1427 4133 1457 4189 S.
1472 4132 1621 4190 ctemcntts
1632 4131 1708 4187 eard.
1725 4127 1874 4185 biterbien·

248 4225 400 4278 secuudum
412 4223 460 4279 ttet
474 4212 602 4278 timorem
617 4233 645 4279 et
659 4225 729 4279 beati
744 4225 884 4280 benedicti
901 4225 1035 4294 ttegroam

247 4315 398 4384 providerit
411 4315 577 4387 eligendum.
590 4317 613 4369 Δ
626 4317 702 4372 iaicis
713 4327 804 4371 autem
816 4317 935 4373 decimas
949 4320 1032 4388 carpi,

1085 4229 1132 4292 sis,
1146 4239 1172 4282 ct
1187 4225 1356 4281 'lrrsculanus
1370 4227 1523 4292 opiscopus.

1120 4319 1176 4388 Ego
1195 4319 1292 4380 Grtido,
1308 4317 1448 4385 presbyter
1461 4313 1610 4370 cardhtalis
1625 4313 1655 4368 S.
1670 4312 1758 4367 blaciae
1769 4309 1870 4365 'l'rans-

248 4408 300 4461 sub
313 4405 537 4466 ltrterrtrittatlotte
553 4409 735 4463 anathematis
752 4409 939 4493 prohibemus.
961 4410 1034 4463 tnbt-
1052 4399 1221 4471 liutbertum,
1234 4408 1303 4461 tituli
1316 4400 1427 4460 Cnttctt.

247 4493 346 4553 bertram
358 4513 468 4569 quoque
488 4515 524 4556 tte
544 4498 617 4554 irrisa
632 4499 764 4553 terminos
779 4500 970 4567 parochiarum
985 4513 1033 4551 te·

249 4597 370 4642 straruru
384 4591 528 4645 ecclesiam
542 4589 585 4643 tel
599 4589 750 4644 oratorium
765 4591 824 4644 siric
840 4593 954 4644 assensu
966 4588 1035 4643 ditr-

245 4680 343 4734 cesami
380 4680 500 4750 episcopi
531 4690 558 4736 ct
577 4681 682 4735 'restro
714 4682 858 4750 pruisquam
897 4681 1039 4736 aeditleare'

248 4779 408 4840 prasumat,
424 4771 508 4825 saltis
524 4781 612 4828 maren
626 4756 775 4842 privilegiis
799 4772 927 4825 itouranae
947 4771 1035 4826 ccele-

249 4860 356 4917 siar.....
371 4859 525 4916 libertates
540 4871 670 4928 praeterea
682 4869 710 4916 et
720 4860 932 4916 irrtrrumitatcsa
947 4861 1034 4916 ielicis

251 4966 290 5006 ter
297 4951 446 5020 cedatiouis
456 4952 611 5008 Alexandro
625 4967 693 5023 papa
718 4953 917 5022 praedecessore
928 4962 1031 5014 nestro,

1125 4499 1180 4566 ligo
1195 4497 1281 4567 liugn,
1300 4497 1442 4566 presbyter
1463 4494 1607 4550 cardinalis
1629 4495 1658 4548 S.
1675 4489 1781 4546 llart'ru'r
1800 4485 1868 4543 tituli

1089 4588 1206 4658 eqt'tcii.

1073 4687 1077 4692 “
1099 4725 1100 4730 .
1120 4679 1176 4750 Ego
1194 4677 1323 4742 loannes,
1353 4675 1420 4730 tituli
1445 4673 1474 4729 S.
1492 4673 1622 4744 Stephani
1643 4672 1670 4726 iu
1687 4669 1774 4726 Coelio
1786 4675 1874 4723 monte

1084 4772 1227 4840 presbyter
1239 4767 1393 4825 continetis.

1098 4881 1101 4892 ι
1126 4860 1181 4929 ligo
1199 4858 1356 4924 Snshedus,
1372 4855 1441 4912 tituli
1464 4863 1567 4911 sanctae
1581 4851 1714 4909 trecentis
1734 4849 1874 4921 presbyter

1089 4950 1245 5006 cardinalis.

286 5179 457 5238 ”boroella
494 5179 516 5214 ⁸*
531 5178 561 5235 S.
585 5149 675 5248 Detrys
695 5195 729 5236 cu
754 5180 926 5283 Bropucraye
948 5178 986 5235 lc's
1000 5165 1076 5235 tt'nm
1089 5195 1122 5232 err
1141 5176 1278 5232 ttatmutt.
1334 5173 1358 5206 ⁸⁸
1372 5174 1402 5230 S.
1417 5165 1514 5242 Lepet.
1571 5172 1594 5207 ⁸·
1611 5172 1640 5225 S.
1653 5169 1717 5226 Paul
1735 5169 1785 5225 aua
1804 5165 1876 5220 bots.

250 5253 274 5286 ⁸·
287 5252 391 5323 Nartvy.
429 5249 452 5283 ⁸¹
468 5249 604 5306 Semele·
630 5249 652 5281 ⁸¹
663 5249 775 5319 Cureys.

824 5249 897 5303 'llis
915 5249 1047 5318 bertefict'i'a
1060 5249 1140 5311 adde,
1157 5247 1290 5316 prioratus
1309 5244 1338 5299 S.
1361 5239 1446 5297 htrrtae
1460 5246 1492 5298 de
1513 5243 1648 5304 brintum
1671 5241 1700 5308 S,
1718 5236 1879 5294 Catlrurinae

250 5323 285 5376 de
301 5324 420 5385 desertm
435 5317 466 5375 S.
480 5320 592 5376 loarrtris
608 5319 643 5374 de
658 5319 805 5388 Garnpunia
822 5336 830 5386 ;
846 5318 876 5374 S.
893 5318 1033 5374 Laurentii
1048 5318 1082 5372 dc
1094 5316 1217 5372 obscuris
1232 5331 1239 5368 :
1254 5317 1281 5368 br
1301 5313 1405 5367 dioecesi
1430 5311 1624 5381 llardipolcnai.
1643 5311 1675 5365 lu
1699 5307 1803 5363 diocesi
1823 5301 1882 5358 llu-

250 5393 357 5450 ssteaat',
370 5391 508 5459 prioratus
524 5391 555 5444 S.
577 5389 685 5444 llartini
700 5384 879 5514 dectfftac'o.
896 5385 1027 5442 Ecclesiae
1045 5387 1209 5454 parochiales
1232 5385 1261 5465 iu
1281 5383 1384 5436 dioeccat'
1401 5379 1545 5465 Btt'rdipol.
1571 5379 1741 5466 S.'liomani
1761 5379 1796 5454 de
1809 5373 1885 5428 tur-

251 5473 442 5588 metttustta
459 5473 577 5516 annexa.
597 5459 627 5514 S.
652 5457 761 5514 Genesii
794 5457 952 5538 eflotipuc.
967 5459 997 5512 S.
1017 5457 1135 5525 Dionysii
1157 5455 1191 5509 dc
1216 5453 1314 5508 Clrntut
1333 5452 1412 5518 uulgo
1435 5450 1463 5504 S.
1483 5449 1585 5573 benys.
1603 5451 1633 5505 S.
1657 5448 1750 5502 sturm
1766 5448 1799 5500 de
1812 5444 1885 5500 Cre·

315 5529 422 5599 ocuipu
437 5528 535 5584 ercan.
557 5528 674 5586 S.Petri
692 5528 799 5582 delict.
828 5524 1262 5590 lndroeccsilasatettsi,eccles.
1287 5519 1456 5596 parochiales
1479 5517 1509 5598 ll.
1553 5518 1630 5598 larice
1649 5521 1683 5573 de
1700 5517 1826 5570 baiesen.
1848 5514 1879 5567 ln

252 5598 364 5654 diaecesi
378 5598 539 5670 dyiuaeasi,
552 5597 690 5667 prioratus
699 5597 729 5652 S.
742 5597 852 5653 Antonii
871 5595 905 5651 de
925 5598 1041 5721 hymno.
1056 5597 1153 5650 eccles.
1185 5593 1332 5663 pareclrial.
1349 5590 1378 5644 S.
1397 5587 1492 5642 llrlnrir
1505 5588 1537 5645 dc
1555 5587 1699 5659 lerdepns.
1717 5589 1747 5642 S.
1763 5584 1884 5640 Pardul-

253 5669 313 5728 ut'ti.
326 5667 356 5725 S.
369 5667 499 5731 Geumtae,
515 5667 544 5723 S.
559 5667 647 5722 tttbint
662 5675 688 5723 et
700 5667 731 5725 S.
753 5667 884 5738 Stephani
901 5669 933 5722 de

968 5667 1086 5737 reigned.
1117 5727 1121 5732 ¹
