4125 6334
178 351 247 406 isos
681 354 859 412 smerdem
876 358 921 410 ΕΤ
939 354 1144 416 eatvtetictn.
1166 391 1200 407 ·-
1214 365 1271 422 tn.
1287 367 1364 424 libb.
1743 381 1811 437 llbl

176 465 453 531 diuconvSenonensi,
468 467 578 525 ulntem
590 472 793 540 stupostolienm
808 472 969 529 bersedict'o·
984 492 1008 551 g
1023 476 1153 546 bruleio,
1172 481 1197 535 in
1220 496 1274 552 quo
1300 485 1390 542 diuino
1411 488 1558 594 mattuipati
1584 493 1808 602 satiabimini&

177 573 246 612 nem.
262 554 338 611 Sicut
348 556 483 624 Hsnricus,
495 559 711 626 archidiaconus,
723 580 732 613 ι
743 572 797 619 ctc.
811 563 870 622 side
885 565 965 635 epist·
1020 569 1073 625 sub
1092 570 1162 626 beati
1177 572 1285 630 Potrici
1298 588 1391 633 nostra
1407 590 1577 651 protectione
1592 601 1768 659 suscipimus,
1783 606 1810 649 ct

175 646 229 702 {59
255 664 286 703 sn
309 663 347 705 ra.

209 689 268 792 llos
287 663 368 808 lgitur
388 741 469 810 justa
489 746 601 795 tenorem
623 745 743 814 rescripti
770 750 857 814 vestri,
884 748 967 807 Pater

172 830 355 895 sanctissime,
381 844 470 897 partes
492 832 526 885 art
549 844 665 890 nostrum
685 840 851 904 praesentiam
871 858 966 896 conuu-

172 923 302 990 cerintus,
318 925 469 995 auditisque
482 926 699 995 allegationibur;
715 942 738 985 et
752 935 964 993 attestationibus

171 1021 234 1075 ltine
257 1020 464 1087 indepsoductir
483 1031 508 1076 et
532 1024 672 1095 diligenter
695 1028 834 1096 discussis,
857 1034 962 1087 tandem

169 1113 328 1180 prudentum
348 1114 462 1166 sirenum
476 1124 500 1166 et
517 1114 733 1185 jurisperitorum
756 1119 817 1188 freti
840 1123 960 1191 coasilia,

168 1202 301 1270 negotium
314 1203 399 1270 ipsum
415 1203 450 1257 nd
471 1208 627 1260 sententium
649 1209 813 1280 diffinitivam
840 1215 867 1269 in
888 1214 959 1270 bunc

167 1293 274 1346 noudum
302 1294 496 1361 producimus,·
526 1298 653 1367 signidem
676 1305 892 1370 conspromirsnm
916 1306 960 1375 ld·

166 1390 236 1434 ctum
248 1382 275 1436 in
292 1383 426 1439 dorstiuuru
440 1388 558 1456 regiorum
574 1397 597 1442 et
609 1389 746 1446 dontinmn
760 1393 914 1451 dicetensem
933 1408 957 1454 et

165 1469 309 1525 arbitrium
320 1474 351 1528 ab
367 1477 466 1530 eisdetn
485 1479 633 1544 prolatam,
648 1499 758 1550 prorsus
784 1486 891 1541 irritum
907 1493 957 1545 du·

165 1562 266 1630 cintus,
290 1575 314 1619 et
328 1583 444 1634 cussum,
470 1577 524 1621 tum
537 1570 600 1636 nstin
614 1572 642 1624 in
662 1574 771 1629 arbitrio
782 1576 856 1631 nullu
869 1577 956 1645 [uerat

165 1670 242 1724 puna
254 1657 407 1722 constitute,
421 1667 474 1711 tuus
486 1659 555 1729 quood
570 1662 643 1715 scobis
658 1660 758 1733 liquido
779 1668 897 1723 cottstitit
911 1686 956 1725 ar·

165 1747 277 1801 bitrium
294 1757 387 1802 eontra
406 1749 518 1818 formosus
529 1755 712 1818 compromissi
734 1757 816 1827 lusisse
833 1762 954 1829 promul·

163 1849 266 1907 putum.
283 1839 428 1896 Liberium
456 1852 479 1897 et
498 1847 701 1902 cottsuetudt'nes
721 1850 753 1904 de
776 1850 990 1921 legitimorumss
1041 1850 1143 1909 Locum
1171 1859 1259 1928 ipsum
1289 1865 1315 1919 in
1346 1883 1399 1933 ntro

162 1929 278 1982 virorum
291 1932 439 1984 testimonio
460 1935 646 2001 comprobatas
662 1947 686 1990 et
710 1936 782 2005 irssru
795 1940 953 1997 subnotatas

161 2020 375 2088 adjudicavimus
393 2020 519 2078 Ecclesiae
535 2024 712 2092 Caritatensi,
731 2030 901 2087 decernentes
925 2044 953 2089 ut

161 2109 295 2164 canonicis
321 2111 436 2181 ejusdem
454 2113 579 2171 Ecclesiae
594 2118 675 2172 libere
690 2118 781 2187 licent,
808 2122 950 2195 burgenses

160 2197 270 2258 Cernat.
285 2204 331 2273 oui
345 2205 381 2258 ad
396 2222 486 2260 eorsum
501 2210 674 2266 domesticum
689 2215 825 2269 servitium
837 2218 951 2272 transie-

159 2291 222 2355 rint,
235 2305 329 2362 prater
340 2313 426 2352 servos
441 2301 569 2369 principis
590 2303 759 2361 Caritatensis
780 2311 902 2374 recipere,
918 2327 950 2364 uc

158 2385 239 2449 trieri,
253 2385 344 2441 eudem
358 2388 477 2445 libertate
490 2403 514 2447 et
534 2393 701 2451 inussissnitate
715 2416 776 2454 cuns
791 2401 856 2469 ipsis
868 2420 948 2456 curto-

158 2475 225 2528 nicir
240 2478 383 2546 gaudentes
396 2499 449 2537 una
460 2501 519 2538 eum
534 2486 610 2541 rebus
624 2498 647 2541 et
658 2489 770 2559 {ansiiiis
782 2495 947 2561 suis,relictu

157 2573 245 2622 tamen
263 2571 334 2624 contri
351 2575 525 2642 negotiatione
536 2589 561 2631 et
574 2594 672 2644 usura,·
684 2579 733 2634 lroe
743 2593 862 2653 excepto,
876 2586 946 2654 qnod

156 2655 184 2708 iu
199 2666 314 2726 tempore
325 2664 416 2716 ntessis
433 2679 552 2720 annonas
566 2709 574 2736 ,
587 2677 612 2722 et
626 2669 655 2723 in
670 2679 784 2742 tempore
799 2675 946 2731 uindemia-

156 2759 214 2798 rtsus
238 2748 326 2804 vinum
346 2769 394 2821 pro
409 2752 547 2810 volarttuts
560 2775 608 2813 sust
626 2776 710 2816 enters
724 2775 834 2834 possunt
846 2779 870 2821 et
883 2785 945 2825 ven·

155 2834 227 2901 dere,
239 2838 307 2893 sicut
317 2850 342 2895 et
353 2848 484 2913 canonici,
500 2858 523 2902 et
535 2851 566 2903 de
578 2850 716 2906 velleribus
730 2855 817 2909 oviam
830 2874 943 2914 suarum

153 2944 254 2997 pannos
277 2931 364 3001 lacere
385 2947 411 2990 et
426 2955 470 2993 eus
483 2941 541 2995 sine
565 2946 757 3001 consuetudine
772 2947 865 3005 laicali
881 2969 944 3009 ven·

154 3020 233 3088 dere,·
246 3025 281 3077 ad
295 3043 404 3097 querum
420 3031 619 3101 perlectionem,
636 3037 660 3089 ss'
681 3039 747 3107 guid
762 3038 889 3109 desuerit,
916 3054 940 3099 et

153 3109 263 3168 ulissntle
275 3115 354 3184 suerit
366 3132 556 3189 sonrpvsatum,
569 3126 607 3179 eis
622 3128 678 3181 sine
690 3128 820 3186 solutione
843 3133 938 3191 telonei

152 3201 181 3254 id
208 3203 296 3272 [usne
318 3206 417 3262 licebit.
444 3208 483 3269 De
512 3215 632 3274 carnibus
656 3223 797 3276 nutrituris
827 3225 883 3279 suis
914 3197 976 3282 etc

150 3309 243 3350 eurum
260 3301 426 3367 proventibus
448 3303 537 3373 [atcere
555 3318 667 3376 possunt
684 3312 731 3366 sai
754 3316 846 3371 eadem
859 3317 940 3371 liber-

151 3397 215 3442 tate.
233 3387 384 3460 llujestutis
407 3396 492 3464 igitur
513 3409 605 3456 austrae
624 3405 733 3473 genibus
746 3410 878 3477 provoluti
893 3413 939 3467 de·

149 3478 234 3532 votius
247 3481 435 3551 supplicamus,
451 3497 479 3539 ut
493 3499 589 3545 nostru
610 3493 759 3562 definitioni
779 3502 938 3556 auctoritate

148 3578 233 3623 vestra
255 3575 423 3644 promulgata
448 3579 528 3632 rubus
552 3584 703 3650 apostolicae
726 3590 936 3657 confirmationis

148 3672 322 3728 apponentes,
336 3679 394 3718 eam
408 3667 542 3724 observari
556 3673 743 3732 inuiolabiliter
752 3679 869 3748 [aciatis.

181 3751 254 3806 Nulli
277 3768 341 3826 ergo
357 3759 469 3814 osnrsino
485 3762 625 3818 leoninum
644 3766 725 3824 liceat
740 3772 810 3829 banc
836 3785 937 3834 nostras

146 3842 272 3913 paginam
291 3848 506 3908 continuationis
532 3855 749 3929 infringerent
771 3865 796 3920 ei
810 3882 877 3924 mrsu
896 3880 936 3925 te·

145 3941 264 3996 sacrario
289 3947 436 4001 corstraire.
463 3945 497 4009 ,Si
512 3951 575 4019 qttis
601 3963 692 4011 antem
720 3958 772 4017 boe
797 3973 934 4022 attentare

144 4036 367 4103 presumpserit,
386 4038 600 4110 indignationem
615 4050 813 4122 omnipotentis
834 4057 892 4124 liei,
907 4073 935 4114 cs

143 4122 286 4184 beatorum
302 4130 376 4186 Petri
395 4142 421 4188 et
444 4135 519 4193 Pauli
540 4141 724 4208 atrostolorum
741 4146 800 4218 ejus
823 4164 853 4205 ss
883 4168 933 4208 no·

143 4217 214 4270 uerit
233 4219 416 4302 incursurum.

177 4307 276 4366 batum
295 4312 435 4390 Laterani,
452 4339 479 4379 rr
501 4326 615 4397 Non...,
641 4332 818 4403 pontificatus
844 4341 930 4396 nostri

141 4411 214 4456 sntio
236 4406 340 4475 quinto.

449 4508 625 4572 ccxxxiv.

160 4582 315 4642 lionarterii
341 4592 370 4651 S.
396 4597 490 4654 ilarius
518 4602 683 4664 lluuleiensis
717 4618 908 4682 protectionem

230 4661 349 4729 suscipit,
365 4664 483 4738 lanaque
497 4688 528 4726 ac
537 4677 674 4747 priottegia
688 4683 839 4750 conpensat.

156 4741 236 4815 [oona
260 4748 389 4821 Creusa,
412 4757 530 4817 ilistoise
553 4765 587 4821 sle
610 4767 755 4839 lorraine,
781 4773 822 4842 tt,
845 4777 909 4849 Pu,

471 4854 587 4930 pitito]

108 4948 112 4954 ·
171 4929 763 5014 Ca'eesrttsusepiscopus,serrusserrorurn
777 4962 836 5030 bei,
854 4965 924 5022 dile·

133 5022 188 5077 ctis
201 5021 434 5100 utttswiuasno,
450 5038 535 5105 priori
544 5049 701 5104 mottasterii
715 5050 822 5111 Sassctae
829 5056 922 5115 blarire

135 5114 169 5167 de
177 5115 298 5186 baulein,
310 5122 423 5195 ejusque
432 5126 561 5187 iratribus
577 5143 631 5190 ιιιιι
651 5146 829 5207 praesentibus
839 5167 922 5220 quam

133 5201 252 5276 tuturis,
270 5216 420 5282 regularem
444 5220 527 5277 sitam
545 5227 675 5296 protessis
699 5233 726 5288 in
746 5249 918 5308 perpetuum.

107 5304 110 5332 =
168 5295 280 5363 Quoties
293 5308 396 5365 anobis
409 5313 512 5381 petitur
521 5319 593 5386 qnod
606 5321 729 5392 religioni
743 5340 770 5383 et
782 5332 921 5397 nonestati

129 5394 279 5450 conuenire
305 5399 489 5476 dignoscitur,
519 5411 612 5470 atriano
636 5432 686 5471 nos
713 5421 790 5477 slecct
821 5426 916 5486 libenti

128 5487 281 5543 concedere
292 5501 320 5545 et
330 5495 411 5563 justis
424 5504 574 5568 petentium
587 5507 730 5567 desideriis
740 5519 917 5583 apostolicum

127 5582 311 5646 patrocinium
324 5587 468 5659 impertiri.
478 5596 640 5672 Eapropter,
653 5605 744 5662 dilecti
759 5609 786 5664 in
798 5611 916 5674 Domino

128 5667 193 5735 titii,
219 5678 319 5734 restris
340 5679 422 5749 justis
444 5691 671 5756 postulationibus
694 5700 843 5760 clementer
865 5724 916 5766 an·

127 5761 252 5839 ssuimtts,
276 5783 305 5828 et
324 5774 465 5845 prelatum
488 5786 684 5848 monasterium
709 5793 739 5853 S.
765 5795 859 5862 ilariac
881 5803 915 5864 dc

1018 660 1161 729 praesentis
1175 665 1269 733 scripti
1284 668 1425 740 priuilegio
1440 675 1659 745 eomstmninms;
1674 679 1809 753 inprimis

1018 750 1154 822 siqnidem
1169 763 1321 814 statuentes
1334 771 1364 815 ιιι
1376 763 1443 817 ordo
1455 769 1690 842 mortastious,qui
1708 790 1809 833 scesta-

1017 842 1081 897 dum
1097 843 1203 900 Densini
1223 857 1250 902 ct
1272 849 1344 905 beati
1364 850 1500 910 liencdicti
1519 857 1648 926 licgnlam
1669 863 1695 916 in
1710 866 1806 922 eodem

1019 937 1188 992 monasterio
1213 939 1353 998 institutus
1375 959 1436 999 esse
1462 947 1643 1020 dignoscitur,
1668 961 1808 1026 perpetuis

1015 1021 1117 1079 ibidem
1139 1032 1308 1097 tcsttporibus
1333 1035 1526 1094 inviolabiliter
1549 1042 1719 1102 observetur.
1734 1049 1807 1106 Prte-

1014 1121 1089 1169 terca
1115 1130 1293 1190 quouscungno
1316 1128 1521 1197 possessiones,
1545 1148 1714 1207 qttmounqne
1732 1140 1805 1197 bona

1013 1206 1085 1261 idern
1114 1212 1310 1267 monasterinm
1330 1216 1574 1284 impraesentiarum
1595 1224 1669 1292 inste
1685 1239 1711 1284 ct
1724 1245 1806 1286 catto

1012 1296 1073 1352 nice
1097 1300 1234 1369 possidet,
1249 1312 1297 1358 aut
1313 1306 1340 1361 in
1365 1307 1489 1367 liranum
1511 1319 1689 1377 cottcessioue
1715 1327 1805 1394 ponti·

1011 1388 1109 1459 bcttm,
1127 1394 1274 1469 largitione
1299 1418 1389 1474 regmn
1408 1408 1450 1462 sci
1474 1411 1646 1484 principum,
1663 1418 1803 1478 oblatione

1012 1481 1133 1541 bdelium
1148 1502 1195 1544 seu
1210 1491 1368 1564 aliisjststis
1384 1502 1488 1566 niudis,
1504 1515 1652 1572 praestante
1671 1511 1801 1581 bortum,

1009 1578 1108 1645 poterit
1125 1581 1254 1652 adipisci,
1266 1585 1343 1642 irrisa
1362 1594 1438 1648 notris
1455 1599 1607 1669 uestrisque
1633 1609 1800 1662 suecessori-

1008 1665 1059 1722 bus
1074 1677 1102 1724 et
1116 1671 1221 1730 illibata
1237 1691 1426 1744 permancant.
1444 1685 1584 1759 inquibus
1606 1695 1663 1752 bace
1678 1703 1798 1772 propriis

1006 1759 1133 1820 desimus
1146 1769 1321 1838 exprimenda
1340 1779 1479 1836 vocabulis
1496 1800 1502 1836 :

1426 1873 1568 1940 praebstnm
1598 1887 1797 1944 monasterium

1004 1937 1085 1994 sitnm
1112 1953 1167 2010 est,
1185 1962 1246 2002 cnm
1272 1955 1399 2012 ventribus
1423 1964 1596 2030 pertinentiis
1618 1974 1695 2042 suis,
1716 1987 1795 2040 etc...

1039 2030 1135 2090 Liceat
1151 2054 1259 2110 qtrogne
1284 2047 1361 2102 rolris
1377 2051 1491 2110 clericos
1506 2058 1548 2112 vel
1571 2060 1677 2134 laicos,
1694 2069 1797 2127 liberos

1002 2127 1031 2174 et
1053 2124 1225 2185 absolutosc
1248 2138 1349 2191 suenio
1368 2141 1503 2213 fugientes
1526 2154 1560 2208 ad
1584 2160 1793 2217 conversionem

1002 2213 1135 2285 recipcre,
1152 2228 1179 2273 et
1204 2235 1252 2277 cos
1276 2227 1381 2298 absque
1402 2243 1620 2300 contradictione
1643 2249 1734 2320 aliqua
1753 2268 1795 2309 re·

1002 2303 1099 2360 tinere.
1123 2308 1305 2372 Proltibemns
1329 2321 1442 2395 insuper
1467 2335 1579 2392 attoniti
1604 2336 1722 2398 iratrmn
1746 2361 1794 2403 ne-

999 2403 1119 2454 strorum
1143 2415 1203 2472 post
1224 2406 1326 2466 iactam
1349 2415 1376 2472 in
1393 2426 1559 2482 morstastcrio
1574 2441 1666 2489 restro
1685 2440 1793 2505 proles·

998 2491 1120 2560 sionetn,
1145 2496 1188 2555 las
1213 2503 1248 2558 sit
1270 2508 1373 2578 alisque
1397 2514 1496 2582 prioris
1527 2523 1569 2576 sni
1595 2523 1720 2596 licentia,
1739 2535 1791 2590 nisi

997 2581 1126 2648 arctioris
1153 2587 1292 2660 rctfgtonis
1312 2600 1442 2671 obterttn,
1459 2609 1492 2664 de
1508 2613 1604 2668 cadem
1622 2615 1681 2674 loco
1703 2623 1791 2680 disee·

998 2668 1081 2739 dcre;
1097 2675 1269 2738 discedentes
1286 2701 1350 2744 nero
1366 2693 1469 2765 absque
1489 2709 1624 2761 corstmuui
1638 2709 1789 2772 litterarum

996 2769 1141 2838 cautione,
1158 2775 1249 2834 stulius
1274 2784 1374 2840 a'ndcat
1397 2792 1529 2855 retinere.
1546 2798 1615 2855 Corn
1640 2816 1730 2863 antem
1743 2825 1789 2880 ge

995 2861 1089 2915 necate
1102 2863 1275 2927 interdictam
1289 2883 1367 2932 terras
1383 2879 1465 2939 inerit
1476 2927 1483 2951 ,
1496 2884 1577 2945 liccat
1604 2897 1691 2964 vobis,
1710 2900 1789 2959 clau·

995 2951 1154 3022 sisianuis,
1177 2961 1293 3021 exclusis
1315 2979 1558 3040 excommnnicatis
1572 2996 1599 3042 et
1621 2986 1786 3062 interdictis,

995 3058 1049 3098 non
1075 3048 1189 3117 pulsatis
1213 3061 1374 3129 campanis,
1404 3083 1549 3139 suppressa
1580 3093 1666 3148 voce,
1691 3086 1784 3144 divina
1859 3126 1872 3141 ·

993 3133 1082 3193 olbeiu
1108 3141 1258 3202 celebrare.
1274 3149 1303 3204 ln
1325 3159 1526 3222 parochialibus
1547 3182 1637 3228 autern
1661 3179 1786 3237 ecclesiis

993 3244 1063 3297 quas
1090 3233 1214 3306 bebetis,
1244 3241 1327 3300 licent
1352 3248 1431 3306 robis
1453 3262 1611 3319 sacerdotes
1632 3267 1733 3338 eligere
1757 3285 1785 3328 et

992 3320 1151 3380 dioecesano
1173 3331 1301 3402 episcopo
1323 3350 1498 3406 praesentare.
1517 3351 1636 3422 Quibus,
1651 3357 1673 3412 si
1695 3360 1784 3420 idonei

991 3415 1093 3482 reposti
1113 3415 1217 3474 luserint
1232 3463 1240 3490 ,
1256 3427 1404 3498 episeopus
1423 3449 1517 3494 curam
1540 3444 1692 3505 arrianorum
1710 3468 1784 3510 eom·

991 3507 1099 3577 mistas,
1118 3522 1148 3568 ut
1162 3516 1186 3570 ei
1201 3519 1235 3572 dc
1258 3520 1465 3601 spiritualibus,
1483 3534 1558 3593 robis
1578 3553 1642 3598 nero
1662 3544 1697 3600 ds
1712 3557 1783 3607 tetu-

989 3603 1131 3670 poralibus
1144 3591 1262 3667 debeant
1278 3621 1452 3688 respondere.

1024 3692 1160 3756 Praeterea
1176 3700 1318 3764 libertates
1332 3721 1361 3766 et
1376 3712 1565 3780 immunitates
1586 3728 1664 3787 robis
1677 3742 1705 3790 et
1720 3753 1780 3793 mo·

988 3790 1111 3844 nasterio
1124 3803 1214 3852 vestro
1227 3812 1393 3871 concessas,
1408 3823 1457 3865 nec
1470 3828 1523 3868 nvn
1546 3821 1674 3890 antiquus
1692 3836 1720 3883 et
1733 3845 1779 3886 ra·

989 3878 1136 3938 imitabiles
1147 3896 1359 3954 consuetudines
1373 3900 1504 3960 loaetenns
1519 3912 1689 3986 observatas,
1702 3933 1779 3980 ratris

987 3967 1119 4029 babemus
1130 3983 1157 4031 ct
1170 3994 1215 4036 cas
1230 3981 1328 4042 laturis
1350 3994 1519 4061 temporibus
1536 3999 1655 4061 illibatas
1667 4024 1779 4068 manera

987 4065 1135 4123 sancimus.
1152 4068 1326 4139 sepulturam
1338 4094 1448 4152 quaeque
1459 4087 1579 4154 eiusdem
1594 4094 1646 4153 loci
1660 4098 1776 4162 liberata

985 4163 1046 4206 csse
1068 4155 1254 4230 decernimus,
1268 4178 1298 4220 nt
1321 4183 1416 4229 eorum
1440 4178 1576 4238 devotioni
1604 4196 1632 4243 et
1647 4205 1776 4255 extremae

985 4242 1135 4314 tumulati,
1160 4253 1206 4320 qni
1230 4271 1259 4310 se
1278 4257 1333 4316 illio
1356 4267 1466 4334 sepeliri
1485 4272 1710 4356 deliberaverint,
1723 4292 1775 4348 nisi

985 4332 1055 4394 torte
1075 4346 1304 4406 eseonsmunicati
1322 4354 1366 4411 uel
1380 4358 1518 4423 interdicti
1537 4369 1610 4441 sint,
1625 4378 1775 4446 nebusola„

986 4427 1082 4497 sistat,
1105 4434 1180 4492 satra
1203 4448 1293 4498 tamen
1313 4445 1419 4515 justitia
1438 4453 1545 4516 illarum
1562 4467 1772 4532 eeclesiaruma

942 4542 968 4603 D
984 4519 1082 4589 quibus
1094 4533 1264 4587 mortuorum
1278 4547 1394 4607 corpora
1407 4557 1593 4617 assumuntur.

1016 4607 1195 4675 Decernimus
1206 4635 1270 4691 orgo
1283 4636 1312 4682 ιιι
1326 4629 1391 4690 ιιιιιιί
1406 4638 1520 4701 omnino
1535 4646 1676 4710 hominurn
1688 4656 1770 4718 liccat
1850 4647 1854 4658 ¹

978 4699 1120 4767 praelatum
1151 4717 1349 4776 tacitasterium
1386 4737 1488 4790 temero
1516 4743 1693 4816 perturbare,
1720 4765 1769 4811 ant

978 4785 1036 4857 ejus
1051 4799 1236 4862 possessiones
1256 4811 1373 4882 asnieres,
1391 4822 1431 4875 rei
1449 4825 1555 4888 ablatas
1574 4837 1703 4908 retinere,
1719 4845 1769 4898 issi·

979 4883 1104 4944 minnere
1121 4905 1168 4948 scu
1185 4897 1351 4966 quibuslibet
1365 4925 1380 4964 n

976 4978 1067 5032 onmia
1095 4981 1202 5058 integra
1234 5009 1431 5062 conserventur
1459 5028 1571 5088 corum,
1587 5038 1765 5100 proquorstm

975 5069 1175 5136 gubernatione
1184 5096 1216 5139 ac
1228 5098 1428 5156 sustentatione
1440 5117 1568 5167 concessa
1582 5128 1657 5182 sustu,
1670 5125 1765 5182 usibus

975 5164 1142 5226 ootnimudis
1158 5176 1313 5254 prolatura,
1330 5191 1403 5247 sulca
1418 5200 1490 5254 sedis
1505 5207 1659 5271 apostolicae
1671 5227 1765 5272 attete-

974 5251 1070 5323 ritatc,
1085 5272 1112 5315 et
1134 5264 1281 5328 dioeeesani
1309 5279 1428 5354 episcopi
1455 5293 1585 5350 eanotoca
1608 5299 1715 5370 justitia
1735 5318 1763 5364 et

975 5354 1132 5410 tnonasterii
1153 5358 1246 5420 Sancti
1267 5371 1332 5441 Apri
1355 5376 1445 5433 debita
1471 5395 1634 5451 reverentia.
1654 5393 1683 5452 st
1708 5415 1761 5470 qua

972 5433 1057 5505 igitur
1068 5445 1096 5497 in
1112 5447 1233 5512 tutorum
1249 5465 1436 5526 ecclesiastica
1458 5481 1760 5559 saecularisvepersona

971 5529 1045 5589 lianc
1070 5548 1171 5599 stostrae
1185 5555 1390 5616 eotsstimtionis
1410 5567 1537 5637 paginam
1557 5577 1649 5637 sciens
1662 5596 1757 5644 coitura

970 5638 1031 5680 cam
1056 5637 1158 5692 tersere
1180 5643 1276 5700 uenire
1305 5657 1468 5725 tentaverit,
1490 5667 1612 5725 secundo
1641 5677 1756 5736 tertiove

968 5724 1154 5797 commonita,
1186 5735 1239 5789 nisi
1266 5751 1371 5798 reatum
1397 5762 1475 5806 suurn
1500 5769 1621 5830 cuttgrua
1645 5767 1755 5824 sarissa,

969 5811 1060 5872 ctione
1072 5827 1233 5896 correxerit,
1250 5837 1392 5906 potcstatis
1410 5841 1577 5924 lionorisque
1597 5859 1639 5916 sui
1660 5873 1754 5921 casem

1383 4919 1555 4985 erationibus
1568 4927 1701 5006 fatigare,
1718 4945 1766 4999 sad
