4125 6334
136 373 191 446 §33

585 378 765 438 condent.
784 377 820 436 td
834 375 982 436 cantica
1001 375 1149 437 cantic..
1169 409 1205 422 -
1219 379 1284 438 tto.
1306 381 1352 442 lt.

1723 399 1775 455 ΞΜ

138 510 201 574 pter
214 463 332 570 adnotata
342 497 559 553 benedictiones.
576 494 741 567 llegrralnmt
764 499 854 569 iisqne
872 501 934 570 quia
950 509 973 564 ,ι
989 499 1058 556 latit
1080 497 1218 563 llalocuc,
1233 500 1328 556 diceus
1342 519 1349 556 ε
1364 521 1374 554 ι
1390 503 1479 572 Quare
1494 521 1548 584 non
1566 509 1680 578 respicis
1692 530 1776 587 sitnm

136 590 322 648 calcat-erum
336 590 446 661 laqueos
459 587 554 657 colun,
568 589 772 660 coronationem
788 589 869 659 lutlus
884 591 935 647 mi·

139 685 234 748 serito,
245 699 354 756 poeuaut
369 682 506 752 gehenon.
521 681 597 735 llmle
611 681 696 736 littrid
710 700 717 736 :
732 700 743 736 ι
757 683 887 739 Etaltalro
898 693 934 746 te,

140 777 271 840 lloutine,
280 774 405 844 antoniam
419 771 562 842 suscepisti
578 771 661 836 nte”,
672 782 725 826 etc.
737 773 849 830 lietuino
863 775 935 830 llerts

141 883 233 932 meus,
256 865 368 922 clamati
391 865 426 918 ad
442 873 479 926 le,
493 875 522 917 ct
537 864 639 918 sanasti
655 879 698 918 ute
710 863 767 920 “.s
784 865 806 917 d
823 864 933 920 miseria

141 958 361 1028 cornrptionlsrr
374 957 503 1018 Domine,
516 955 632 1012 eduxisti
647 956 681 1011 alt
693 955 800 1011 iulcruo
812 957 933 1010 arrimant

108 1105 111 1110 ,
144 1046 359 1112 trteam,salrasli
377 1061 421 1102 me
437 1045 690 1102 orlesccodeutiluts
700 1046 726 1098 iu
739 1045 827 1100 lacum
838 1047 888 1111 '⁷,t
900 1061 934 1100 ne

142 1155 184 1194 ure
195 1139 300 1195 cruciat
313 1142 448 1210 geneouae
462 1137 543 1208 iguis.
557 1138 624 1192 Eece
638 1137 681 1190 isti
696 1143 822 1208 regnam.
839 1135 891 1192 Sed
906 1149 934 1194 et

140 1231 256 1302 gandent
271 1231 298 1285 in
316 1229 417 1296 tribus,
432 1231 538 1286 scilicet
549 1231 612 1300 uolo
626 1230 716 1284 socios
731 1231 832 1284 lrabeat
850 1245 933 1298 aare·

139 1317 191 1385 los,
202 1335 271 1390 quos
290 1320 335 1375 lric
350 1329 482 1390 patronos
506 1319 672 1376 habuerunt.
695 1321 746 1394 Qui
763 1321 809 1376 liei
825 1331 931 1376 secreta

139 1413 304 1486 intelligent,
321 1431 382 1485 qum
403 1415 449 1470 liic
471 1414 587 1471 obscure
610 1415 752 1480 tiderout3
777 1415 823 1484 qul
847 1413 932 1469 Deum

139 1509 272 1564 ridebunt
297 1507 369 1563 itcie
394 1509 429 1562 ad
455 1505 658 1576 inclementem
681 1507 727 1563 hic
751 1506 932 1563 desiderando

139 1610 316 1656 ornaverunt.
333 1600 371 1656 lle
391 1599 629 1672 minuentisque
652 1601 754 1656 nullent
774 1615 864 1670 neque
879 1617 931 1656 no·

140 1693 261 1758 bornum
273 1691 321 1746 sed
334 1699 414 1746 eruat
427 1692 496 1746 sicut
507 1689 594 1757 angeli
608 1689 653 1745 Dei
665 1689 688 1720 '¹¹
699 1706 727 1754 ς»
744 1691 777 1744 do
791 1692 931 1748 serundo:

141 1803 153 1836 ι
173 1783 260 1839 Erunt
270 1799 365 1838 omues
375 1782 506 1838 doriltilrs
522 1783 567 1837 llei
581 1783 618 1846 ”3
632 1802 641 1834 t
654 1783 687 1838 dc
703 1783 801 1837 tertio:
818 1801 827 1832 t
845 1781 932 1838 Reve-

139 1875 241 1930 laldtor
252 1874 336 1944 gloria
353 1873 458 1928 Domini
473 1874 518 1936 ¹⁰⁰,
537 1885 565 1927 ct
579 1873 678 1929 ridebit
699 1876 787 1928 onmis
809 1890 875 1930 coro
887 1889 932 1928 sa-

139 1966 226 2021 lutare
251 1965 297 2020 liei
324 1966 468 2020 nostri¹.»
496 1965 527 2018 Et
543 1963 610 2020 lob:
626 1982 635 2016 ι
652 1965 684 2020 Ει
711 1967 737 2018 iu
763 1981 846 2020 carue
872 1981 931 2022 ntea

141 2053 237 2109 ridebo
253 2054 338 2108 Deum
354 2052 521 2108 saluatorem
537 2067 626 2108 nteuut
638 2055 660 2118 ¹,
676 2055 719 2108 cui
736 2064 779 2110 ost
800 2055 890 2109 ltonor
905 2064 933 2110 ct

139 2147 224 2217 gloria
246 2147 273 2201 iu
293 2147 392 2202 scocula
415 2147 577 2202 soculorum
590 2147 611 2199 ³.
627 2165 636 2198 t
655 2147 770 2217 Propter
785 2149 856 2202 itane
872 2148 931 2216 glo·

142 2243 211 2295 riam
229 2239 372 2296 subditur:
389 2257 399 2289 a
416 2238 449 2292 Et
464 2239 541 2308 pieria
558 2252 616 2293 erat
629 2240 718 2294 nuruis
733 2249 805 2294 terra
824 2240 931 2294 miseri·

139 2333 237 2388 cordia
251 2330 309 2401 rjus
322 2331 362 2386 ξι
387 2331 471 2386 Terra
487 2330 587 2386 dicitur
613 2331 739 2386 uutmlus.
762 2331 838 2388 liudo
853 2347 860 2386 ι
877 2351 886 2385 ι
902 2331 930 2388 lu

142 2435 217 2480 terra
232 2439 283 2493 pat
299 2423 451 2480 ltominilms
463 2423 540 2479 ltoune
553 2425 701 2480 uoluntatis
712 2426 734 2478 ⁸.
747 2445 756 2476 t
776 2423 808 2478 tlt
821 2441 869 2480 cor
881 2425 931 2480 ltu·

141 2529 263 2570 manum.
290 2513 386 2568 Unde:
401 2531 411 2565 ι
426 2511 511 2567 Terra
529 2524 620 2568 nostra
640 2515 748 2569 deserta
760 2515 802 2567 ’.ι
821 2515 851 2570 El
869 2526 930 2570 ute·

140 2621 187 2660 rus
200 2607 288 2660 lteatn
301 2605 431 2674 Virginis.
446 2605 530 2659 luder
545 2623 555 2657 ι
572 2605 604 2658 Et
619 2617 690 2660 tcrra
705 2615 749 2660 tna
767 2605 929 2662 indomitabi-

141 2711 185 2756 tur
196 2703 240 2755 ’.ι
262 2699 295 2753 Et
322 2697 454 2754 Ecclesia.
478 2699 562 2754 ltuler
579 2717 588 2750 r
604 2699 786 2763 Bettcdixisti,
804 2699 927 2766 Domine,

139 2802 242 2848 terrant
257 2803 329 2845 trram
341 2789 382 2844 ⁸.r
408 2788 444 2844 lit
456 2789 543 2858 patria
557 2791 687 2846 cotiostis.
715 2789 778 2845 lude
791 2805 799 2845 t
814 2811 824 2843 r
841 2790 929 2849 Credo

141 2886 238 2941 ridere
254 2880 324 2938 bon'a
338 2881 442 2937 lloroiui
468 2883 494 2936 iu
518 2891 590 2937 terra
615 2883 764 2938 rtrmmnu
776 2885 796 2937 ¹.
812 2903 822 2936 t
836 2883 928 2940 Prima

138 2977 221 3044 plena
240 2985 282 3030 est
302 2975 360 3044 rius
374 2973 516 3041 mttjestale
538 2985 586 3040 per
605 2988 717 3039 onerum
745 2975 927 3038 rat·iotatctn;

987 589 1081 662 inique
1097 601 1218 661 enerues,
1229 602 1258 646 st
1279 602 1354 648 laces
1373 595 1455 665 itooio
1468 597 1618 656 devorante
1628 603 1774 674 justiorem

986 683 1035 738 sel
1050 700 1059 735 t
1078 683 1100 723 ⁸¹
1114 683 1147 737 El
1159 681 1307 740 ilalacltias
1320 703 1329 740 ι
1344 687 1436 758 «Ergo
1457 707 1530 748 noue
1542 694 1639 750 lteatos
1655 699 1774 758 dicimus

986 775 1167 844 arrogantes?
1182 773 1321 844 Siquidem
1345 780 1471 836 tctlidrati
1494 793 1558 838 som
1575 786 1708 846 facientes
1721 793 1774 846 inr-

986 865 1113 935 nietalcrn
1135 865 1201 932 ’Ἧι
1226 865 1259 920 lit
1288 883 1296 921 ι
1322 885 1331 918 ι
1356 869 1433 935 Quod
1455 873 1679 945 emolumenturn,
1707 886 1774 953 utria

985 954 1180 1009 custodivimus
1203 954 1361 1010 mandatnm
1388 957 1504 1024 liomiui,
1522 971 1551 1017 ct
1566 965 1630 1034 qnia
1652 971 1775 1025 anibula-

986 1061 1046 1100 mus
1059 1055 1142 1102 testes
1156 1063 1249 1104 corato
1264 1049 1415 1104 [lominolt
1431 1052 1454 1085 ¹⁸
1471 1054 1538 1111 ilirit
1553 1071 1619 1126 crgo
1632 1059 1776 1128 Clrristnsr,

986 1137 1077 1192 Nolite
1101 1140 1242 1205 suscitare,
1255 1158 1337 1212 neque
1360 1144 1484 1214 eoiuilurae
1504 1146 1613 1214 luciolis
1637 1150 1773 1222 dilectum,

984 1231 1031 1284 sed
1045 1240 1199 1298 exspectate
1209 1231 1442 1302 ..attentendum
1454 1235 1512 1304 ipro
1526 1240 1596 1292 uelit.
1609 1241 1688 1297 ilolet
1698 1245 1772 1300 cnfrn

984 1317 1043 1388 ipsa
1055 1329 1083 1374 ct
1100 1321 1207 1376 deuotis
1230 1322 1367 1392 postulare
1389 1326 1619 1395 miscricordiam,
1636 1341 1664 1388 et
1676 1347 1772 1392 contra

984 1407 1125 1465 iuderolos
1134 1412 1268 1467 suscitare
1281 1413 1438 1480 ritnlictont,
1448 1418 1517 1472 sicut
1529 1421 1676 1478 ostendunt
1687 1425 1774 1494 ipsius

984 1501 1088 1556 munus
1106 1503 1248 1558 miracula.
1269 1503 1324 1560 Nec
1347 1505 1506 1564 delmrtatur
1534 1513 1607 1566 lilius
1627 1534 1634 1568 ε
1656 1517 1722 1580 urdo
1737 1521 1772 1573 ad

984 1601 1098 1647 matrem
1112 1607 1189 1648 suant
1200 1593 1298 1648 clotnet
1313 1597 1424 1652 derotns
1436 1599 1553 1663 ruimus.
1566 1603 1613 1658 sed
1628 1621 1662 1658 ne
1675 1620 1771 1664 contra

983 1682 1069 1750 ipsam
1085 1695 1235 1740 murmuret
1252 1687 1406 1768 impatiens,
1423 1701 1468 1744 aut
1485 1692 1609 1760 insultet,
1625 1696 1772 1767 improbet.

983 1771 1097 1840 ddiurat
1108 1783 1196 1828 autem
1211 1774 1280 1828 lilius
1291 1771 1441 1831 Jerusalem
1455 1795 1502 1846 per
1512 1796 1771 1858 capreorcerrosune

983 1885 1147 1931 cumrerum,
1172 1869 1199 1925 id
1223 1882 1266 1924 est
1287 1885 1336 1939 tter
1359 1873 1418 1927 illas
1440 1876 1635 1946 virtutesque
1661 1879 1687 1934 iu
1712 1883 1773 1938 istis

984 1959 1145 2015 animalibus
1161 1963 1321 2032 ligurantur,
1335 1965 1434 2034 qmltns
1450 1968 1573 2023 ¹simulari
1589 1971 1691 2028 delient
1703 1973 1771 2030 tide-

983 2045 1022 2100 lcs
1047 2049 1143 2105 auitum
1157 2069 1164 2104 ι
1178 2065 1256 2114 nont,
1273 2053 1344 2108 sicul
1368 2071 1451 2125 contra
1474 2071 1534 2126 nure
1556 2069 1664 2116 oculum
1685 2066 1772 2122 ltabcl

983 2137 1071 2192 risum
1089 2149 1170 2197 acute
1194 2144 1374 2215 conletnplari
1401 2147 1532 2202 debemus
1555 2154 1627 2220 quod
1642 2169 1694 2210 uon
1710 2159 1772 2213 sins

982 2245 1065 2285 causa
1082 2233 1161 2289 malis
1184 2249 1282 2304 prena,
1304 2245 1332 2290 ct
1345 2237 1440 2293 electis
1462 2243 1625 2312 quaudoque
1645 2246 1772 2302 dille-rtur

982 2323 1080 2390 gratia,
1095 2333 1124 2378 et
1148 2327 1218 2380 sicut
1240 2330 1312 2383 cerri
1340 2330 1474 2387 deuorare
1499 2333 1594 2390 denum
1617 2348 1769 2405 serpentem

982 2415 1215 2488 superbiamque
1236 2420 1297 2475 idco
1317 2419 1383 2477 latit
1399 2424 1537 2478 ltontincm
1557 2439 1694 2497 expertem
1714 2429 1771 2484 lon·

981 2506 1149 2575 ganimilutis
1168 2518 1194 2563 et
1218 2511 1366 2580 patientiae,
1382 2514 1445 2584 qttia
1470 2516 1505 2570 ds
1528 2530 1560 2570 se
1580 2521 1770 2586 pumannum

981 2598 1069 2652 credit
1081 2613 1110 2654 se
1129 2599 1240 2670 diguunt
1263 2604 1411 2672 prosperis,
1427 2614 1452 2658 ct
1472 2606 1611 2678 imlignnnt
1634 2611 1769 2668 atlrersis.

980 2687 1049 2756 Quia
1065 2705 1130 2746 uero
1143 2693 1177 2747 de
1187 2693 1364 2750 suscitatione
1379 2698 1474 2751 tunnis
1489 2714 1545 2754 sue
1562 2701 1621 2756 lrnrc
1635 2705 1770 2772 prodite-

982 2789 1024 2834 rat
1034 2781 1182 2854 dioninse
1195 2800 1260 2843 tero
1273 2787 1398 2842 sttscitari
1411 2798 1438 2842 ct
1449 2790 1572 2860 evigilari
1585 2793 1701 2860 rolcute,
1713 2797 1772 2864 ipss

980 2873 1053 2930 llllus
1061 2877 1241 2933 suscitatores
1252 2878 1369 2950 evigilat,
1380 2883 1499 2937 ostendit
1510 2892 1598 2937 mater
1608 2887 1679 2954 qttod
1689 2888 1770 2950 lilios,

980 2965 1044 3022 licet
1068 2969 1179 3024 tardare
1201 2970 1336 3037 uideatur,
1362 2988 1415 3026 nou
1441 2973 1545 3038 tat·tlat;
1569 2978 1617 3030 sed
1640 2977 1771 3046 adjurare
1808 3046 1817 3054 ,

137 3065 273 3128 secunda,
286 3065 347 3136 qrria
371 3065 473 3120 cotuliti
493 3079 589 3120 sumus
607 3065 643 3118 od
667 3065 810 3133 imaginent
825 3066 885 3136 ejus
901 3073 928 3119 et
979 3069 1008 3114 el
1022 3060 1281 3122 ntisererllestinat.
1299 3062 1370 3118 Dicit
1384 3078 1449 3135 ergo
1460 3066 1493 3120 ad
1509 3065 1670 3133 intrem-olas
1688 3087 1697 3122 a

137 3160 363 3226 similitudinem,
387 3158 471 3214 tertio
499 3173 547 3229 ner
574 3159 807 3226 incarnationem
831 3161 963 3230 nrtartoC
1014 3150 1069 3226 45
1090 3151 1146 3208 Vox
1160 3153 1250 3208 dilecti
1264 3155 1324 3208 mei·

136 3271 188 3325 per
209 3253 402 3308 miraculorum
424 3253 625 3322 operationem
644 3253 738 3321 quinta
765 3269 815 3322 ner
836 3255 930 3324 gloria
1016 3245 1112 3320 [loo]
1133 3245 1233 3301 lideos
1250 3260 1347 3316 sponso
1363 3246 1625 3304 adulescentulamut
1642 3267 1773 3308 ret-ecun-

136 3347 345 3414 phmssudinem,
371 3344 401 3400 {n
417 3345 503 3414 prima
521 3346 672 3417 ntnjeslalis
688 3345 802 3416 refulget
821 3350 928 3416 sapien.
980 3338 1052 3391 liittlll
1078 3347 1105 3390 θῑ
1126 3339 1251 3394 tirnorcnt
1273 3339 1371 3406 llllllllll¹
1398 3339 1578 3395 sollicitantur
1603 3343 1701 3395 osselli
1719 3345 1770 3398 luto

138 3437 193 3505 [inq
210 3435 239 3490 ir,
260 3437 381 3491 secunda
404 3435 610 3500 benerolertlia;
627 3437 652 3489 in
677 3437 756 3490 lenia
781 3437 887 3506 gralia:
902 3440 928 3493 Ιῃ
982 3429 1084 3484 incluto
1100 3429 1147 3483 Del
1169 3429 1371 3497 dispensatione
1388 3433 1466 3502 qnasi
1489 3447 1624 3488 excusatis
1638 3449 1683 3496 se,
1699 3437 1772 3491 uude

135 3535 238 3593 quarta
261 3526 396 3595 potentia,
409 3525 435 3580 in
452 3526 545 3594 uttiuttt
568 3527 699 3582 altissimo
716 3525 765 3581 ou
780 3529 927 3598 rungualin.
980 3520 1067 3574 dicit:
1085 3519 1142 3574 νοῦ
1156 3521 1245 3575 ‘illem'
1264 3525 1315 3575 Μ
1333 3525 1487 3594 discidii„
1507 3525 1558 3578 ,Μ
1571 3543 1578 3580 ²
1591 3525 1683 3581 ‘¹5¹1'ssst
1698 3528 1770 3590 illito·

137 3616 285 3685 Seranlrirn
307 3619 352 3686 md
374 3618 483 3671 staltaut
508 3632 590 3686 strucr
605 3617 671 3672 illud
688 3618 785 3672 solium
802 3619 930 3675 dicumm·
980 3613 1027 3680 ‘liti
1053 3622 1115 3682 nost
1137 3626 1234 3666 vocem
1261 3621 1391 3670 tenturus
1413 3625 1456 3670 est
1480 3616 1507 3670 in
1532 3617 1676 3688 trrotitoo;
1703 3623 1774 3676 uude

136 3707 244 3762 duobos
259 3706 311 3762 alis
326 3705 417 3761 relate
437 3706 519 3775 pedes
539 3705 609 3775 rjus.
631 3707 656 3762 id
672 3716 714 3763 cst
730 3707 928 3762 immanitatem
979 3702 1254 3772 serroiturtlircriue
1264 3706 1441 3760 oertit'mlierts
1452 3707 1481 3760 in
1493 3710 1635 3764 rrrontilmr.
1649 3711 1774 3778 eratuor

136 3807 272 3852 nostram.
288 3795 353 3865 inse
377 3805 439 3849 snm
466 3795 621 3863 temporalia
647 3797 717 3852 botta
739 3797 837 3868 qnilms
863 3797 930 3866 tegi·
979 3809 1012 3850 et
1025 3795 1118 3850 causis
1129 3809 1223 3850 rocem
1239 3795 1288 3850 liei
1304 3797 1357 3850 ltcti
1372 3796 1536 3868 coll'giuuts,
1550 3813 1582 3854 et
1599 3803 1705 3856 ratione
1719 3818 1772 3873 qua

134 3904 212 3955 ntor,
229 3887 311 3944 idest
324 3890 500 3958 protegimur.
518 3889 551 3943 Et
565 3889 697 3960 sapientia
716 3904 769 3960 qna
782 3905 832 3944 nos
847 3891 872 3944 iu
887 3873 930 3944 lua
980 3885 1125 3940 uoluntatis
1136 3885 1196 3954 ejus
1210 3903 1309 3942 arcana
1322 3897 1508 3958 perornamus,
1518 3906 1552 3944 et
1566 3893 1672 3947 interna
1684 3897 1772 3963 gratia

135 3989 326 4048 terrmeramos
352 3989 380 4034 et
405 3981 532 4036 dicuutur
557 3979 647 4036 relars
677 3980 774 4036 sacient
799 3979 857 4050 clus
868 3983 926 4036 ¹⁸.»
980 3992 1034 4047 qua
1061 3990 1123 4031 eum
1140 3992 1173 4032 et
1188 3978 1342 4048 cugrritiouo
1357 3979 1390 4033 ad
1403 3981 1461 4048 rjus
1476 3995 1597 4036 amorem
1614 3983 1773 4054 corripungi-

133 4069 207 4140 losse
232 4080 296 4128 sont
319 4086 398 4126 anam·
418 4081 581 4127 olorinorum
606 4073 750 4136 bonorum,
764 4083 791 4127 et
815 4073 930 4131 dulcedo
980 4083 1052 4136 utor,
1064 4084 1099 4123 et
1116 4069 1276 4139 congitione
1289 4071 1491 4140 Sotiplurarotn
1510 4087 1563 4142 qua
1578 4073 1638 4144 elus
1650 4075 1773 4127 volunla-

133 4164 242 4216 auroris
257 4162 326 4230 ejus,
339 4165 401 4232 utria
425 4173 528 4234 quanto
542 4165 604 4236 plus
617 4165 676 4235 ejus
691 4167 873 4220 aeternitatem
888 4167 930 4219 in·
981 4171 1035 4216 lem
1046 4161 1147 4232 largius
1154 4161 1419 4232 contemplandum
1429 4163 1576 4216 elector-nm
1586 4163 1773 4230 cxcrttnlnqun

137 4245 320 4324 vestigamus,
348 4263 424 4309 tanto
447 4253 797 4326 incomprehensibiliorem
825 4255 930 4311 inteni-
980 4253 1013 4308 ad
1032 4251 1142 4307 uirtutis
1161 4251 1319 4306 instantiam
1344 4261 1463 4306 nostram
1477 4252 1772 4322 confortatignatiarn.

136 4361 212 4400 attus.
234 4343 312 4402 llnde
325 4363 333 4399 :
348 4363 358 4396 ι
374 4346 494 4401 decedat
505 4347 588 4402 ltotno
600 4347 633 4400 ml
646 4363 694 4402 eor
707 4346 792 4401 altum
807 4357 835 4404 ct
851 4350 927 4404 etal·
980 4345 1018 4400 lie
1038 4353 1129 4398 antem
1151 4343 1221 4398 lianc
1245 4342 1338 4399 dilecti
1362 4357 1454 4397 rocem
1474 4344 1590 4398 interius
1615 4345 1772 4404 audiamus,

137 4438 244 4491 talritor
258 4437 330 4492 licus
342 4437 395 4491 ¹¹.»
413 4437 459 4492 Sic
473 4447 500 4493 et
516 4439 549 4493 de
572 4438 726 4503 dulcedine,
740 4439 803 4508 unit
826 4451 928 4509 qttauto
980 4437 1123 4491 molientes
1143 4449 1303 4506 seqrtmmr,
1317 4444 1463 4503 scorteutes
1484 4447 1674 4502 assequamur,
1689 4436 1773 4490 molta

136 4534 203 4603 iilos
216 4542 335 4595 tutator,
353 4540 429 4588 tantu
448 4533 592 4587 amaminor
608 4533 756 4588 numitor.
773 4533 807 4586 Et
820 4532 927 4587 drtnlms
981 4527 1131 4594 inmediunt
1143 4535 1170 4579 et
1184 4525 1303 4578 maxime
1319 4525 1369 4577 tria
1390 4521 1468 4580 :iux
1483 4521 1587 4588 carnis,
1601 4537 1653 4578 tort
1668 4525 1773 4592 rainardi,

136 4625 281 4688 rololtanl,
295 4622 398 4679 scilicet
412 4621 600 4695 spiritualibus
614 4623 691 4678 bonis
707 4632 734 4678 et
749 4607 942 4676 fortitudines*
981 4633 1034 4671 tort
1051 4615 1160 4672 dialtoli.
1176 4615 1235 4670 lior
1250 4615 1341 4670 caruis
1353 4629 1402 4684 per
1423 4615 1559 4670 desideria
1584 4615 1772 4694 roltmtatunu

135 4717 329 4786 spiritualibus
339 4717 410 4770 enirn
426 4717 611 4778 sultlettautor,
622 4715 779 4769 lortitndiue
791 4725 931 4770 sustenta·
982 4723 1035 4762 uox
1050 4705 1142 4761 nurndi
1160 4719 1209 4773 per
1224 4705 1371 4775 appetitum
1385 4707 1773 4778 dignitatum,ltonoruntffllo·

135 4809 392 4863 rnnrnecatlamus.
403 4807 490 4866 llclris
501 4807 654 4863 dictumest
664 4805 931 4874 ddiusiussnperlos.
984 4795 1222 4862 rtadtudamu,
1238 4809 1289 4850 rot
1302 4795 1402 4852 dialtoli
1418 4811 1466 4865 per
1484 4795 1660 4852 iuvidentiam
1674 4795 1774 4851 irater·

174 4899 286 4970 Adiuro
304 4915 354 4960 res,
365 4900 429 4969 filim
441 4899 606 4962 lemmlem,
619 4913 667 4964 per
677 4914 784 4966 capreas
796 4910 933 4964 remosque
987 4900 1085 4942 nurnut
1098 4885 1281 4956 profectuum.
1296 4885 1367 4940 Caro
1382 4885 1473 4954 itaque
1489 4885 1639 4951 loturiosa,
1657 4876 1774 4942 urnndus

133 5007 307 5059 comportem,
341 4993 527 5048 ueterrimis
561 5007 642 5061 troque
674 4989 798 5061 crioilore
824 4989 932 5058 facietis
986 4993 1137 5051 [tonilum.
1163 4978 1288 5033 tiittboitts
1312 4977 1431 5047 snggmit
1456 4991 1603 5032 tettettoso.
1634 4977 1705 5033 Caro
1725 4995 1774 5047 per

131 5088 275 5149 dilectam,
289 5085 370 5139 denec
380 5087 438 5154 ipra
454 5085 525 5138 relil.
986 5071 1157 5140 voluptuaria
1168 5069 1276 5133 duidos,
1294 5069 1412 5122 oromlus
1424 5083 1473 5137 ner
1486 5067 1629 5123 eutbitiosa
1654 5067 1771 5134 indotos,

189 5173 309 5248 [Coum]
343 5175 484 5244 lliutrlderu
514 5173 638 5228 Cirristns
663 5182 692 5229 ct
709 5171 834 5228 similiter
853 5171 932 5225 betta
986 5163 1111 5220 dialtolos
1127 5175 1176 5230 ner
1189 5173 1323 5215 venenosa
1344 5158 1434 5214 reddit
1456 5160 1571 5216 tabidos.
1591 5157 1654 5216 llaec
1668 5175 1718 5215 tot
1731 5169 1773 5215 est

133 5267 218 5336 virgo
242 5279 258 5319 n
282 5263 376 5319 moitis
406 5263 484 5334 quasi
523 5263 643 5318 dormire
668 5261 793 5326 uidetur,
823 5261 931 5329 quondo
985 5255 1078 5312 dilecti
1094 5255 1128 5308 ad
1143 5255 1248 5308 iuterna
1264 5252 1362 5320 gaudio
1380 5252 1562 5320 provocantis,
1584 5252 1618 5307 ad
1631 5250 1774 5306 artitm'in-

130 5365 236 5412 contra
264 5355 406 5412 indevotos
433 5371 486 5410 uon
520 5355 611 5408 statim
640 5353 790 5424 accingitur
810 5353 843 5405 ad
873 5351 933 5404 rin-
986 5346 1111 5407 vitantis,
1132 5347 1166 5398 ad
1188 5341 1272 5397 solida
1291 5340 1454 5397 lrontilitatis
1477 5340 1658 5404 exnortantis,
1683 5339 1773 5394 oleum

130 5450 261 5512 dictam,
282 5457 310 5503 et
332 5463 399 5519 erga
426 5448 538 5503 devotos
563 5461 617 5500 nou
639 5445 730 5500 statim
755 5444 873 5513 assurgit
898 5443 931 5498 ad
984 5437 1129 5494 charitatis
1148 5434 1327 5489 iuirtudcntis.
1343 5433 1395 5500 Qui
1412 5430 1669 5506 rerodilcctosest,
1685 5429 1769 5486 incre·

128 5537 367 5595 misericordium.
387 5535 523 5593 Christum
549 5534 639 5590 taliter
653 5531 838 5588 dortuiculcm
855 5529 933 5584 enci·
986 5536 1198 5601 paternalem,
1221 5524 1358 5582 corilorlat
1370 5531 1547 5594 proruentem,
1564 5522 1657 5577 laudnt
1679 5522 1768 5577 trium·

184 5695 353 5753 ‘'PsanQd.
386 5695 493 5751 ulitld.
516 5693 617 5752 ”tuln
656 5687 843 5746 ’ttlantatn
874 5683 1021 5755 ’ulman
1052 5679 1219 5735 ¹⁰⁰lsat.t2.
1254 5676 1340 5733 *tna
1361 5677 1389 5731 5.
1428 5674 1571 5732 'lantolt
1607 5675 1709 5732 ⁸ilum.
1729 5669 1773 5731 td.

124 5769 144 5804 δ
170 5767 302 5822 Fuluii.
343 5763 475 5820 ¹Luc.2.
512 5764 603 5820 'isan
650 5763 737 5818 'lsai
761 5759 805 5814 ot.
843 5755 997 5812 weriot
1033 5753 1251 5808 'Olllcoecles⁸
1290 5748 1426 5805 ”nand
1467 5745 1636 5805 ”tuatim
1675 5748 1697 5778 ¹⁸
1718 5749 1772 5800 lla·

119 5842 201 5897 tear.
222 5837 249 5892 l.
289 5835 310 5868 ¹⁸
325 5835 420 5890 delae.
438 5834 465 5886 5.
505 5833 602 5888 ”tuln

277 5931 416 5992 Parnoi„
439 5924 546 5990 CCi'l.
1591 5905 1611 5962 8
