<?xml version="1.0" encoding="UTF-8"?>
<!DOCTYPE html PUBLIC "-//W3C//DTD XHTML 1.0 Transitional//EN"
    "http://www.w3.org/TR/xhtml1/DTD/xhtml1-transitional.dtd">
<html xmlns="http://www.w3.org/1999/xhtml" xml:lang="en" lang="en">
 <head>
  <title>
</title>
<meta http-equiv="Content-Type" content="text/html;charset=utf-8" />
  <meta name='ocr-system' content='tesseract 3.04.00' />
  <meta name='ocr-capabilities' content='ocr_page ocr_carea ocr_par ocr_line ocrx_word'/>
</head>
<body>
  <div class='ocr_page' id='page_1' title='image "./patrologiaecurs133migngoog_0603.png"; bbox 0 0 4125 6334; ppageno 0'>
   <div class='ocr_carea' id='block_1_1' title="bbox 172 348 1805 434">
    <p class='ocr_par' dir='ltr' id='par_1_1' title="bbox 172 348 1805 434">
     <span class='ocr_line' id='line_1_1' title="bbox 172 348 1805 434; baseline 0.02 -32"><span class='ocrx_word' id='word_1_1' title='bbox 172 348 241 403; x_wconf 72' lang='grc'>1153</span> <span class='ocrx_word' id='word_1_2' title='bbox 675 350 854 409; x_wconf 74' lang='lat' dir='ltr'>EPISTOLAE</span> <span class='ocrx_word' id='word_1_3' title='bbox 871 355 915 407; x_wconf 78' lang='grc' dir='ltr'><em>ΕΤ</em></span> <span class='ocrx_word' id='word_1_4' title='bbox 933 351 1138 412; x_wconf 70' lang='lat' dir='ltr'><em>salvastis.</em></span> <span class='ocrx_word' id='word_1_5' title='bbox 1160 388 1194 404; x_wconf 89' lang='lat'>-</span> <span class='ocrx_word' id='word_1_6' title='bbox 1209 362 1266 420; x_wconf 79' lang='lat' dir='ltr'><em>AN.</em></span> <span class='ocrx_word' id='word_1_7' title='bbox 1281 363 1359 420; x_wconf 82' lang='grc'>1195.</span> <span class='ocrx_word' id='word_1_8' title='bbox 1737 378 1805 434; x_wconf 74' lang='lat' dir='ltr'><em>libb</em></span> 
     </span>
    </p>
   </div>
   <div class='ocr_carea' id='block_1_2' title="bbox 170 462 1804 656">
    <p class='ocr_par' dir='ltr' id='par_1_2' title="bbox 170 462 1804 656">
     <span class='ocr_line' id='line_1_2' title="bbox 170 462 1802 564; baseline 0.03 -61"><span class='ocrx_word' id='word_1_9' title='bbox 170 466 283 520; x_wconf 63' lang='lat' dir='ltr'><em>qqawqo</em></span> <span class='ocrx_word' id='word_1_10' title='bbox 291 462 447 526; x_wconf 64' lang='lat' dir='ltr'><em>Statonensi,</em></span> <span class='ocrx_word' id='word_1_11' title='bbox 462 465 572 522; x_wconf 78' lang='lat' dir='ltr'><em>salntem</em></span> <span class='ocrx_word' id='word_1_12' title='bbox 584 475 607 520; x_wconf 87' lang='lat' dir='ltr'><em>et</em></span> <span class='ocrx_word' id='word_1_13' title='bbox 616 470 787 537; x_wconf 76' lang='lat' dir='ltr'><em>apostoticam</em></span> <span class='ocrx_word' id='word_1_14' title='bbox 802 469 964 527; x_wconf 68' lang='lat' dir='ltr'><em>tetralicen.</em></span> <span class='ocrx_word' id='word_1_15' title='bbox 978 489 1003 548; x_wconf 59' lang='lat' dir='ltr'>A</span> <span class='ocrx_word' id='word_1_16' title='bbox 1017 473 1148 543; x_wconf 83' lang='lat' dir='ltr'><em>Dauleio,</em></span> <span class='ocrx_word' id='word_1_17' title='bbox 1166 477 1191 532; x_wconf 90' lang='lat' dir='ltr'><em>in</em></span> <span class='ocrx_word' id='word_1_18' title='bbox 1214 493 1269 548; x_wconf 90' lang='lat' dir='ltr'><em>qua</em></span> <span class='ocrx_word' id='word_1_19' title='bbox 1294 482 1385 538; x_wconf 84' lang='lat' dir='ltr'><em>diuino</em></span> <span class='ocrx_word' id='word_1_20' title='bbox 1405 486 1552 558; x_wconf 81' lang='lat' dir='ltr'><em>mastuipati</em></span> <span class='ocrx_word' id='word_1_21' title='bbox 1578 489 1643 546; x_wconf 86' lang='lat' dir='ltr'><em>estis</em></span> <span class='ocrx_word' id='word_1_22' title='bbox 1658 491 1802 564; x_wconf 85' lang='lat' dir='ltr'><em>olrsequio,</em></span> 
     </span>
     <span class='ocr_line' id='line_1_3' title="bbox 171 552 1804 656; baseline 0.026 -52"><span class='ocrx_word' id='word_1_23' title='bbox 171 570 240 609; x_wconf 81' lang='lat' dir='ltr'><em>nem.</em></span> <span class='ocrx_word' id='word_1_24' title='bbox 256 552 332 609; x_wconf 88' lang='lat' dir='ltr'><em>Sient</em></span> <span class='ocrx_word' id='word_1_25' title='bbox 342 553 478 622; x_wconf 78' lang='lat' dir='ltr'><em>densitas</em></span> <span class='ocrx_word' id='word_1_26' title='bbox 490 555 705 622; x_wconf 77' lang='lat' dir='ltr'><em>credidiaeortur,</em></span> <span class='ocrx_word' id='word_1_27' title='bbox 717 577 726 610; x_wconf 91' lang='lat' dir='ltr'><em>r</em></span> <span class='ocrx_word' id='word_1_28' title='bbox 737 570 791 615; x_wconf 89' lang='lat' dir='ltr'><em>etc.</em></span> <span class='ocrx_word' id='word_1_29' title='bbox 806 560 865 620; x_wconf 84' lang='lat' dir='ltr'><em>uide</em></span> <span class='ocrx_word' id='word_1_30' title='bbox 879 562 959 632; x_wconf 87' lang='lat' dir='ltr'><em>epist.</em></span> <span class='ocrx_word' id='word_1_31' title='bbox 1015 566 1068 622; x_wconf 88' lang='lat' dir='ltr'><em>sub</em></span> <span class='ocrx_word' id='word_1_32' title='bbox 1085 567 1156 623; x_wconf 88' lang='lat' dir='ltr'><em>beati</em></span> <span class='ocrx_word' id='word_1_33' title='bbox 1172 569 1279 627; x_wconf 87' lang='lat' dir='ltr'><em>Petriet</em></span> <span class='ocrx_word' id='word_1_34' title='bbox 1292 585 1386 630; x_wconf 87' lang='lat' dir='ltr'><em>nostra</em></span> <span class='ocrx_word' id='word_1_35' title='bbox 1402 580 1571 647; x_wconf 90' lang='lat' dir='ltr'><em>protectione</em></span> <span class='ocrx_word' id='word_1_36' title='bbox 1586 585 1762 656; x_wconf 88' lang='lat' dir='ltr'><em>suscipimus,</em></span> <span class='ocrx_word' id='word_1_37' title='bbox 1777 603 1804 646; x_wconf 92' lang='lat' dir='ltr'><em>ct</em></span> 
     </span>
    </p>
   </div>
   <div class='ocr_carea' id='block_1_3' title="bbox 159 644 961 1826">
    <p class='ocr_par' dir='ltr' id='par_1_3' title="bbox 169 644 341 702">
     <span class='ocr_line' id='line_1_4' title="bbox 169 644 341 702; baseline 0.023 -4"><span class='ocrx_word' id='word_1_38' title='bbox 169 644 224 700; x_wconf 79' lang='lat'><em>{59</em></span> <span class='ocrx_word' id='word_1_39' title='bbox 249 661 279 700; x_wconf 88' lang='lat' dir='ltr'><em>su</em></span> <span class='ocrx_word' id='word_1_40' title='bbox 303 661 341 702; x_wconf 88' lang='lat' dir='ltr'><em>ra.</em></span> 
     </span>
    </p>

    <p class='ocr_par' dir='ltr' id='par_1_4' title="bbox 159 660 961 1826">
     <span class='ocr_line' id='line_1_5' title="bbox 203 660 961 812; baseline 0.018 -23"><span class='ocrx_word' id='word_1_41' title='bbox 203 687 262 790; x_wconf 69' lang='lat' dir='ltr'><em>lios</em></span> <span class='ocrx_word' id='word_1_42' title='bbox 281 660 362 806; x_wconf 66' lang='lat' dir='ltr'><em>igitar</em></span> <span class='ocrx_word' id='word_1_43' title='bbox 382 738 463 808; x_wconf 80' lang='lat' dir='ltr'><em>juata</em></span> <span class='ocrx_word' id='word_1_44' title='bbox 483 743 595 792; x_wconf 90' lang='lat' dir='ltr'><em>terrorem</em></span> <span class='ocrx_word' id='word_1_45' title='bbox 618 742 737 810; x_wconf 84' lang='lat' dir='ltr'><em>rescripti</em></span> <span class='ocrx_word' id='word_1_46' title='bbox 764 747 851 812; x_wconf 89' lang='lat' dir='ltr'><em>vestri,</em></span> <span class='ocrx_word' id='word_1_47' title='bbox 878 745 961 802; x_wconf 86' lang='lat' dir='ltr'><em>Putet</em></span> 
     </span>
     <span class='ocr_line' id='line_1_6' title="bbox 166 828 961 901; baseline 0.014 -18"><span class='ocrx_word' id='word_1_48' title='bbox 166 828 349 893; x_wconf 68' lang='lat' dir='ltr'><em>sanctissime,</em></span> <span class='ocrx_word' id='word_1_49' title='bbox 375 840 464 895; x_wconf 88' lang='lat' dir='ltr'><em>portes</em></span> <span class='ocrx_word' id='word_1_50' title='bbox 486 829 521 882; x_wconf 87' lang='lat' dir='ltr'><em>otl</em></span> <span class='ocrx_word' id='word_1_51' title='bbox 543 841 660 886; x_wconf 85' lang='lat' dir='ltr'><em>nostram</em></span> <span class='ocrx_word' id='word_1_52' title='bbox 679 837 846 901; x_wconf 75' lang='lat' dir='ltr'><em>praesentiam</em></span> <span class='ocrx_word' id='word_1_53' title='bbox 866 855 961 894; x_wconf 86' lang='lat' dir='ltr'><em>convo·</em></span> 
     </span>
     <span class='ocr_line' id='line_1_7' title="bbox 166 920 958 993; baseline 0.023 -21"><span class='ocrx_word' id='word_1_54' title='bbox 166 920 296 987; x_wconf 82' lang='lat' dir='ltr'><em>cavinias,</em></span> <span class='ocrx_word' id='word_1_55' title='bbox 312 923 463 993; x_wconf 86' lang='lat' dir='ltr'><em>auditisque</em></span> <span class='ocrx_word' id='word_1_56' title='bbox 477 923 694 992; x_wconf 60' lang='lat' dir='ltr'><em>oileqationibum</em></span> <span class='ocrx_word' id='word_1_57' title='bbox 709 939 733 982; x_wconf 89' lang='lat' dir='ltr'><em>et</em></span> <span class='ocrx_word' id='word_1_58' title='bbox 746 932 958 990; x_wconf 88' lang='lat' dir='ltr'><em>attestationibus</em></span> 
     </span>
     <span class='ocr_line' id='line_1_8' title="bbox 165 1018 956 1093; baseline 0.016 -23"><span class='ocrx_word' id='word_1_59' title='bbox 165 1019 228 1072; x_wconf 90' lang='lat' dir='ltr'><em>ltine</em></span> <span class='ocrx_word' id='word_1_60' title='bbox 251 1018 458 1085; x_wconf 83' lang='lat' dir='ltr'><em>indepraductis</em></span> <span class='ocrx_word' id='word_1_61' title='bbox 477 1028 503 1073; x_wconf 90' lang='lat' dir='ltr'><em>et</em></span> <span class='ocrx_word' id='word_1_62' title='bbox 526 1021 666 1092; x_wconf 81' lang='lat' dir='ltr'><em>diligenter</em></span> <span class='ocrx_word' id='word_1_63' title='bbox 689 1025 828 1093; x_wconf 70' lang='lat' dir='ltr'><em>discussis,</em></span> <span class='ocrx_word' id='word_1_64' title='bbox 852 1031 956 1084; x_wconf 85' lang='lat' dir='ltr'><em>taudem</em></span> 
     </span>
     <span class='ocr_line' id='line_1_9' title="bbox 163 1111 955 1189; baseline 0.019 -27"><span class='ocrx_word' id='word_1_65' title='bbox 163 1111 322 1178; x_wconf 82' lang='lat' dir='ltr'><em>prudentum</em></span> <span class='ocrx_word' id='word_1_66' title='bbox 342 1111 456 1164; x_wconf 80' lang='lat' dir='ltr'><em>uirorum</em></span> <span class='ocrx_word' id='word_1_67' title='bbox 470 1121 494 1164; x_wconf 90' lang='lat' dir='ltr'><em>et</em></span> <span class='ocrx_word' id='word_1_68' title='bbox 512 1111 728 1182; x_wconf 76' lang='lat' dir='ltr'><em>jurisperitorum</em></span> <span class='ocrx_word' id='word_1_69' title='bbox 750 1116 811 1185; x_wconf 74' lang='lat' dir='ltr'><em>{reti</em></span> <span class='ocrx_word' id='word_1_70' title='bbox 834 1121 955 1189; x_wconf 87' lang='lat' dir='ltr'><em>consilio,</em></span> 
     </span>
     <span class='ocr_line' id='line_1_10' title="bbox 162 1200 953 1278; baseline 0.019 -25"><span class='ocrx_word' id='word_1_71' title='bbox 162 1200 295 1268; x_wconf 77' lang='lat' dir='ltr'><em>negotium</em></span> <span class='ocrx_word' id='word_1_72' title='bbox 308 1200 393 1268; x_wconf 88' lang='lat' dir='ltr'><em>iprum</em></span> <span class='ocrx_word' id='word_1_73' title='bbox 409 1201 444 1254; x_wconf 86' lang='lat' dir='ltr'><em>vd</em></span> <span class='ocrx_word' id='word_1_74' title='bbox 465 1205 621 1257; x_wconf 82' lang='lat' dir='ltr'><em>seruientium</em></span> <span class='ocrx_word' id='word_1_75' title='bbox 643 1206 808 1278; x_wconf 75' lang='lat' dir='ltr'><em>diffinitionum</em></span> <span class='ocrx_word' id='word_1_76' title='bbox 834 1212 861 1266; x_wconf 90' lang='lat' dir='ltr'><em>iu</em></span> <span class='ocrx_word' id='word_1_77' title='bbox 883 1213 953 1268; x_wconf 84' lang='lat' dir='ltr'><em>burto</em></span> 
     </span>
     <span class='ocr_line' id='line_1_11' title="bbox 161 1291 954 1372; baseline 0.021 -29"><span class='ocrx_word' id='word_1_78' title='bbox 161 1291 268 1344; x_wconf 86' lang='lat' dir='ltr'><em>modam</em></span> <span class='ocrx_word' id='word_1_79' title='bbox 296 1292 490 1359; x_wconf 77' lang='lat' dir='ltr'><em>produximus;</em></span> <span class='ocrx_word' id='word_1_80' title='bbox 520 1296 648 1364; x_wconf 74' lang='lat' dir='ltr'><em>siqnidem</em></span> <span class='ocrx_word' id='word_1_81' title='bbox 670 1302 887 1370; x_wconf 83' lang='lat' dir='ltr'><em>caatprvntissam</em></span> <span class='ocrx_word' id='word_1_82' title='bbox 910 1303 954 1372; x_wconf 76' lang='lat' dir='ltr'><em>{o-</em></span> 
     </span>
     <span class='ocr_line' id='line_1_12' title="bbox 160 1379 952 1454; baseline 0.025 -25"><span class='ocrx_word' id='word_1_83' title='bbox 160 1387 230 1431; x_wconf 90' lang='lat' dir='ltr'><em>cluru</em></span> <span class='ocrx_word' id='word_1_84' title='bbox 242 1379 270 1432; x_wconf 87' lang='lat' dir='ltr'><em>in</em></span> <span class='ocrx_word' id='word_1_85' title='bbox 286 1381 421 1436; x_wconf 83' lang='lat' dir='ltr'><em>donuinam</em></span> <span class='ocrx_word' id='word_1_86' title='bbox 434 1385 552 1454; x_wconf 79' lang='lat' dir='ltr'><em>reginam</em></span> <span class='ocrx_word' id='word_1_87' title='bbox 568 1395 592 1438; x_wconf 92' lang='lat' dir='ltr'><em>et</em></span> <span class='ocrx_word' id='word_1_88' title='bbox 604 1387 741 1444; x_wconf 88' lang='lat' dir='ltr'><em>dontinum</em></span> <span class='ocrx_word' id='word_1_89' title='bbox 755 1391 909 1448; x_wconf 82' lang='lat' dir='ltr'><em>Renrensem</em></span> <span class='ocrx_word' id='word_1_90' title='bbox 927 1405 952 1452; x_wconf 86' lang='lat' dir='ltr'><em>et</em></span> 
     </span>
     <span class='ocr_line' id='line_1_13' title="bbox 160 1467 952 1548; baseline 0.029 -29"><span class='ocrx_word' id='word_1_91' title='bbox 160 1467 303 1523; x_wconf 74' lang='lat' dir='ltr'>arbitrium</span> <span class='ocrx_word' id='word_1_92' title='bbox 314 1471 346 1524; x_wconf 89' lang='lat' dir='ltr'><em>ab</em></span> <span class='ocrx_word' id='word_1_93' title='bbox 361 1474 460 1528; x_wconf 87' lang='lat' dir='ltr'><em>eisdem</em></span> <span class='ocrx_word' id='word_1_94' title='bbox 479 1476 628 1542; x_wconf 86' lang='lat' dir='ltr'><em>prolatum,</em></span> <span class='ocrx_word' id='word_1_95' title='bbox 643 1497 753 1548; x_wconf 87' lang='lat' dir='ltr'><em>prorsus</em></span> <span class='ocrx_word' id='word_1_96' title='bbox 778 1482 886 1538; x_wconf 86' lang='lat' dir='ltr'><em>irritum</em></span> <span class='ocrx_word' id='word_1_97' title='bbox 901 1490 952 1541; x_wconf 90' lang='lat' dir='ltr'><em>dn·</em></span> 
     </span>
     <span class='ocr_line' id='line_1_14' title="bbox 159 1560 951 1643; baseline 0.02 -29"><span class='ocrx_word' id='word_1_98' title='bbox 159 1560 260 1628; x_wconf 72' lang='lat' dir='ltr'><em>matus,</em></span> <span class='ocrx_word' id='word_1_99' title='bbox 284 1573 308 1616; x_wconf 89' lang='lat' dir='ltr'><em>et</em></span> <span class='ocrx_word' id='word_1_100' title='bbox 323 1580 438 1631; x_wconf 83' lang='lat' dir='ltr'><em>rossum,</em></span> <span class='ocrx_word' id='word_1_101' title='bbox 464 1575 518 1619; x_wconf 89' lang='lat' dir='ltr'><em>tam</em></span> <span class='ocrx_word' id='word_1_102' title='bbox 532 1568 594 1634; x_wconf 87' lang='lat' dir='ltr'><em>qnia</em></span> <span class='ocrx_word' id='word_1_103' title='bbox 609 1570 637 1621; x_wconf 90' lang='lat' dir='ltr'><em>in</em></span> <span class='ocrx_word' id='word_1_104' title='bbox 657 1571 766 1626; x_wconf 87' lang='lat' dir='ltr'><em>arbitrio</em></span> <span class='ocrx_word' id='word_1_105' title='bbox 777 1573 851 1628; x_wconf 87' lang='lat' dir='ltr'><em>nullo</em></span> <span class='ocrx_word' id='word_1_106' title='bbox 864 1576 951 1643; x_wconf 74' lang='lat' dir='ltr'><em>[uerat</em></span> 
     </span>
     <span class='ocr_line' id='line_1_15' title="bbox 159 1654 951 1730; baseline 0.024 -27"><span class='ocrx_word' id='word_1_107' title='bbox 159 1668 237 1722; x_wconf 81' lang='lat' dir='ltr'><em>puna</em></span> <span class='ocrx_word' id='word_1_108' title='bbox 248 1654 401 1720; x_wconf 85' lang='lat' dir='ltr'><em>constituto,</em></span> <span class='ocrx_word' id='word_1_109' title='bbox 415 1665 469 1708; x_wconf 88' lang='lat' dir='ltr'><em>tutu</em></span> <span class='ocrx_word' id='word_1_110' title='bbox 480 1657 549 1726; x_wconf 88' lang='lat' dir='ltr'><em>quod</em></span> <span class='ocrx_word' id='word_1_111' title='bbox 564 1660 638 1713; x_wconf 89' lang='lat' dir='ltr'><em>nabis</em></span> <span class='ocrx_word' id='word_1_112' title='bbox 652 1659 753 1730; x_wconf 85' lang='lat' dir='ltr'><em>liquido</em></span> <span class='ocrx_word' id='word_1_113' title='bbox 773 1666 892 1720; x_wconf 87' lang='lat' dir='ltr'><em>constitit</em></span> <span class='ocrx_word' id='word_1_114' title='bbox 905 1684 951 1722; x_wconf 85' lang='lat' dir='ltr'><em>ar·</em></span> 
     </span>
     <span class='ocr_line' id='line_1_16' title="bbox 159 1744 949 1826; baseline 0.019 -29"><span class='ocrx_word' id='word_1_115' title='bbox 159 1744 271 1798; x_wconf 89' lang='lat' dir='ltr'><em>bitrium</em></span> <span class='ocrx_word' id='word_1_116' title='bbox 288 1754 381 1799; x_wconf 87' lang='lat' dir='ltr'><em>contra</em></span> <span class='ocrx_word' id='word_1_117' title='bbox 400 1747 512 1816; x_wconf 73' lang='lat' dir='ltr'><em>{armum</em></span> <span class='ocrx_word' id='word_1_118' title='bbox 524 1753 707 1815; x_wconf 73' lang='lat' dir='ltr'><em>compromissi</em></span> <span class='ocrx_word' id='word_1_119' title='bbox 728 1755 811 1824; x_wconf 75' lang='lat' dir='ltr'><em>pitisso</em></span> <span class='ocrx_word' id='word_1_120' title='bbox 827 1759 949 1826; x_wconf 85' lang='lat' dir='ltr'><em>protitul-</em></span> 
     </span>
    </p>
   </div>
   <div class='ocr_carea' id='block_1_4' title="bbox 157 1837 1138 1917">
    <p class='ocr_par' dir='ltr' id='par_1_5' title="bbox 157 1837 1138 1917">
     <span class='ocr_line' id='line_1_17' title="bbox 157 1837 1138 1917; baseline 0.022 -30"><span class='ocrx_word' id='word_1_121' title='bbox 157 1837 422 1905; x_wconf 63' lang='lat' dir='ltr'><em>pertumultuose</em></span> <span class='ocrx_word' id='word_1_122' title='bbox 450 1850 474 1894; x_wconf 93' lang='lat' dir='ltr'><em>et</em></span> <span class='ocrx_word' id='word_1_123' title='bbox 492 1845 696 1900; x_wconf 87' lang='lat' dir='ltr'><em>eorrsrtetudt&#39;ues</em></span> <span class='ocrx_word' id='word_1_124' title='bbox 715 1848 748 1901; x_wconf 87' lang='lat' dir='ltr'><em>de</em></span> <span class='ocrx_word' id='word_1_125' title='bbox 770 1848 985 1917; x_wconf 80' lang='lat' dir='ltr'><em>leqitimortth</em></span> <span class='ocrx_word' id='word_1_126' title='bbox 1035 1847 1138 1906; x_wconf 70' lang='lat' dir='ltr'><em>labeum</em></span> 
     </span>
    </p>
   </div>
   <div class='ocr_carea' id='block_1_5' title="bbox 148 1927 948 3187">
    <p class='ocr_par' dir='ltr' id='par_1_6' title="bbox 148 1927 948 3187">
     <span class='ocr_line' id='line_1_18' title="bbox 156 1927 947 2002; baseline 0.018 -22"><span class='ocrx_word' id='word_1_127' title='bbox 156 1927 273 1980; x_wconf 89' lang='lat' dir='ltr'><em>virorum</em></span> <span class='ocrx_word' id='word_1_128' title='bbox 285 1928 433 1982; x_wconf 88' lang='lat' dir='ltr'><em>testimonio</em></span> <span class='ocrx_word' id='word_1_129' title='bbox 454 1931 641 1998; x_wconf 87' lang='lat' dir='ltr'><em>comprobatas</em></span> <span class='ocrx_word' id='word_1_130' title='bbox 656 1944 680 1987; x_wconf 86' lang='lat' dir='ltr'><em>et</em></span> <span class='ocrx_word' id='word_1_131' title='bbox 704 1933 777 2002; x_wconf 74' lang='lat' dir='ltr'><em>infru</em></span> <span class='ocrx_word' id='word_1_132' title='bbox 789 1937 947 1994; x_wconf 85' lang='lat' dir='ltr'><em>subnotatas</em></span> 
     </span>
     <span class='ocr_line' id='line_1_19' title="bbox 155 2018 948 2088; baseline 0.019 -19"><span class='ocrx_word' id='word_1_133' title='bbox 155 2018 369 2086; x_wconf 74' lang='lat' dir='ltr'><em>adjudicavimus</em></span> <span class='ocrx_word' id='word_1_134' title='bbox 387 2018 513 2075; x_wconf 81' lang='lat' dir='ltr'><em>Ecclesia</em></span> <span class='ocrx_word' id='word_1_135' title='bbox 529 2021 706 2088; x_wconf 78' lang='lat' dir='ltr'><em>carnotensi,</em></span> <span class='ocrx_word' id='word_1_136' title='bbox 725 2027 896 2084; x_wconf 86' lang='lat' dir='ltr'><em>decernentes</em></span> <span class='ocrx_word' id='word_1_137' title='bbox 920 2041 948 2084; x_wconf 92' lang='lat' dir='ltr'><em>nt</em></span> 
     </span>
     <span class='ocr_line' id='line_1_20' title="bbox 155 2108 945 2191; baseline 0.023 -33"><span class='ocrx_word' id='word_1_138' title='bbox 155 2108 290 2162; x_wconf 87' lang='lat' dir='ltr'><em>cononicis</em></span> <span class='ocrx_word' id='word_1_139' title='bbox 315 2108 430 2179; x_wconf 78' lang='lat' dir='ltr'><em>ejusdem</em></span> <span class='ocrx_word' id='word_1_140' title='bbox 449 2111 574 2169; x_wconf 73' lang='lat' dir='ltr'><em>Ecclesiae</em></span> <span class='ocrx_word' id='word_1_141' title='bbox 588 2116 670 2170; x_wconf 90' lang='lat' dir='ltr'><em>libere</em></span> <span class='ocrx_word' id='word_1_142' title='bbox 685 2116 775 2184; x_wconf 88' lang='lat' dir='ltr'><em>liceat,</em></span> <span class='ocrx_word' id='word_1_143' title='bbox 802 2120 945 2191; x_wconf 87' lang='lat' dir='ltr'><em>burqenses</em></span> 
     </span>
     <span class='ocr_line' id='line_1_21' title="bbox 154 2195 946 2271; baseline 0.021 -19"><span class='ocrx_word' id='word_1_144' title='bbox 154 2195 264 2255; x_wconf 82' lang='lat' dir='ltr'><em>Cernat.</em></span> <span class='ocrx_word' id='word_1_145' title='bbox 279 2201 325 2271; x_wconf 89' lang='lat' dir='ltr'><em>qui</em></span> <span class='ocrx_word' id='word_1_146' title='bbox 339 2203 375 2256; x_wconf 89' lang='lat' dir='ltr'><em>ad</em></span> <span class='ocrx_word' id='word_1_147' title='bbox 391 2220 481 2258; x_wconf 88' lang='lat' dir='ltr'><em>evrttut</em></span> <span class='ocrx_word' id='word_1_148' title='bbox 495 2208 668 2264; x_wconf 87' lang='lat' dir='ltr'><em>domesticum</em></span> <span class='ocrx_word' id='word_1_149' title='bbox 684 2213 819 2267; x_wconf 85' lang='lat' dir='ltr'><em>servitium</em></span> <span class='ocrx_word' id='word_1_150' title='bbox 832 2215 946 2269; x_wconf 85' lang='lat' dir='ltr'><em>transic-</em></span> 
     </span>
     <span class='ocr_line' id='line_1_22' title="bbox 154 2289 944 2371; baseline 0.023 -28"><span class='ocrx_word' id='word_1_151' title='bbox 154 2289 216 2353; x_wconf 90' lang='lat' dir='ltr'><em>riut,</em></span> <span class='ocrx_word' id='word_1_152' title='bbox 229 2303 324 2360; x_wconf 83' lang='lat' dir='ltr'><em>prater</em></span> <span class='ocrx_word' id='word_1_153' title='bbox 334 2311 421 2350; x_wconf 86' lang='lat' dir='ltr'><em>servos</em></span> <span class='ocrx_word' id='word_1_154' title='bbox 436 2299 563 2366; x_wconf 82' lang='lat' dir='ltr'><em>principis</em></span> <span class='ocrx_word' id='word_1_155' title='bbox 585 2301 754 2359; x_wconf 81' lang='lat' dir='ltr'><em>Corstolensis</em></span> <span class='ocrx_word' id='word_1_156' title='bbox 775 2307 897 2371; x_wconf 86' lang='lat' dir='ltr'><em>recipere.</em></span> <span class='ocrx_word' id='word_1_157' title='bbox 913 2325 944 2361; x_wconf 87' lang='lat' dir='ltr'><em>ac</em></span> 
     </span>
     <span class='ocr_line' id='line_1_23' title="bbox 152 2383 943 2467; baseline 0.025 -34"><span class='ocrx_word' id='word_1_158' title='bbox 152 2383 234 2447; x_wconf 87' lang='lat' dir='ltr'><em>tueri,</em></span> <span class='ocrx_word' id='word_1_159' title='bbox 248 2383 338 2440; x_wconf 87' lang='lat' dir='ltr'><em>eudem</em></span> <span class='ocrx_word' id='word_1_160' title='bbox 352 2385 472 2443; x_wconf 83' lang='lat' dir='ltr'><em>libertate</em></span> <span class='ocrx_word' id='word_1_161' title='bbox 484 2400 508 2444; x_wconf 85' lang='lat' dir='ltr'><em>et</em></span> <span class='ocrx_word' id='word_1_162' title='bbox 528 2391 695 2449; x_wconf 74' lang='lat' dir='ltr'><em>immunimus</em></span> <span class='ocrx_word' id='word_1_163' title='bbox 710 2413 771 2451; x_wconf 88' lang='lat' dir='ltr'><em>eum</em></span> <span class='ocrx_word' id='word_1_164' title='bbox 785 2398 850 2467; x_wconf 87' lang='lat' dir='ltr'><em>ipsis</em></span> <span class='ocrx_word' id='word_1_165' title='bbox 863 2417 943 2454; x_wconf 70' lang='lat' dir='ltr'><em>cnuto</em></span> 
     </span>
     <span class='ocr_line' id='line_1_24' title="bbox 152 2473 942 2559; baseline 0.027 -34"><span class='ocrx_word' id='word_1_166' title='bbox 152 2473 219 2526; x_wconf 87' lang='lat' dir='ltr'><em>uicis</em></span> <span class='ocrx_word' id='word_1_167' title='bbox 235 2477 377 2544; x_wconf 77' lang='lat' dir='ltr'><em>pandentes</em></span> <span class='ocrx_word' id='word_1_168' title='bbox 390 2497 443 2534; x_wconf 81' lang='lat' dir='ltr'><em>nutu</em></span> <span class='ocrx_word' id='word_1_169' title='bbox 454 2499 514 2536; x_wconf 87' lang='lat' dir='ltr'><em>cum</em></span> <span class='ocrx_word' id='word_1_170' title='bbox 528 2483 604 2538; x_wconf 88' lang='lat' dir='ltr'><em>rebvs</em></span> <span class='ocrx_word' id='word_1_171' title='bbox 617 2495 642 2539; x_wconf 91' lang='lat' dir='ltr'><em>et</em></span> <span class='ocrx_word' id='word_1_172' title='bbox 652 2486 764 2556; x_wconf 73' lang='lat' dir='ltr'><em>santiliis</em></span> <span class='ocrx_word' id='word_1_173' title='bbox 776 2492 942 2559; x_wconf 86' lang='lat' dir='ltr'><em>suis,relicta</em></span> 
     </span>
     <span class='ocr_line' id='line_1_25' title="bbox 152 2569 941 2651; baseline 0.029 -38"><span class='ocrx_word' id='word_1_174' title='bbox 152 2571 240 2620; x_wconf 83' lang='lat' dir='ltr'><em>tanuen</em></span> <span class='ocrx_word' id='word_1_175' title='bbox 257 2569 328 2623; x_wconf 88' lang='lat' dir='ltr'><em>atnrti</em></span> <span class='ocrx_word' id='word_1_176' title='bbox 345 2573 519 2640; x_wconf 85' lang='lat' dir='ltr'><em>negotiatione</em></span> <span class='ocrx_word' id='word_1_177' title='bbox 531 2587 555 2629; x_wconf 88' lang='lat' dir='ltr'><em>et</em></span> <span class='ocrx_word' id='word_1_178' title='bbox 568 2592 666 2641; x_wconf 87' lang='lat' dir='ltr'><em>utura,·</em></span> <span class='ocrx_word' id='word_1_179' title='bbox 678 2578 728 2632; x_wconf 88' lang='lat' dir='ltr'><em>itae</em></span> <span class='ocrx_word' id='word_1_180' title='bbox 738 2591 857 2650; x_wconf 79' lang='lat' dir='ltr'><em>eccepto,</em></span> <span class='ocrx_word' id='word_1_181' title='bbox 870 2583 941 2651; x_wconf 89' lang='lat' dir='ltr'><em>quod</em></span> 
     </span>
     <span class='ocr_line' id='line_1_26' title="bbox 150 2652 940 2740; baseline 0.028 -34"><span class='ocrx_word' id='word_1_182' title='bbox 150 2652 178 2706; x_wconf 89' lang='lat' dir='ltr'><em>itt</em></span> <span class='ocrx_word' id='word_1_183' title='bbox 193 2663 308 2724; x_wconf 89' lang='lat' dir='ltr'><em>tempore</em></span> <span class='ocrx_word' id='word_1_184' title='bbox 319 2661 410 2714; x_wconf 83' lang='lat' dir='ltr'><em>orestis</em></span> <span class='ocrx_word' id='word_1_185' title='bbox 427 2678 546 2718; x_wconf 88' lang='lat' dir='ltr'><em>annonas</em></span> <span class='ocrx_word' id='word_1_186' title='bbox 560 2707 569 2734; x_wconf 87' lang='lat'><em>,</em></span> <span class='ocrx_word' id='word_1_187' title='bbox 582 2676 606 2719; x_wconf 85' lang='lat' dir='ltr'><em>et</em></span> <span class='ocrx_word' id='word_1_188' title='bbox 621 2667 649 2721; x_wconf 91' lang='lat' dir='ltr'><em>in</em></span> <span class='ocrx_word' id='word_1_189' title='bbox 664 2677 779 2740; x_wconf 85' lang='lat' dir='ltr'><em>lentpvre</em></span> <span class='ocrx_word' id='word_1_190' title='bbox 793 2671 940 2728; x_wconf 82' lang='lat' dir='ltr'><em>uindemio·</em></span> 
     </span>
     <span class='ocr_line' id='line_1_27' title="bbox 150 2746 939 2831; baseline 0.037 -37"><span class='ocrx_word' id='word_1_191' title='bbox 150 2757 208 2796; x_wconf 89' lang='lat' dir='ltr'><em>rum</em></span> <span class='ocrx_word' id='word_1_192' title='bbox 232 2746 321 2801; x_wconf 90' lang='lat' dir='ltr'><em>vinum</em></span> <span class='ocrx_word' id='word_1_193' title='bbox 341 2766 389 2819; x_wconf 85' lang='lat' dir='ltr'><em>pro</em></span> <span class='ocrx_word' id='word_1_194' title='bbox 403 2750 541 2808; x_wconf 85' lang='lat' dir='ltr'><em>voluntale</em></span> <span class='ocrx_word' id='word_1_195' title='bbox 554 2773 603 2810; x_wconf 89' lang='lat' dir='ltr'><em>sna</em></span> <span class='ocrx_word' id='word_1_196' title='bbox 620 2774 705 2813; x_wconf 84' lang='lat' dir='ltr'><em>enuere</em></span> <span class='ocrx_word' id='word_1_197' title='bbox 719 2773 829 2831; x_wconf 86' lang='lat' dir='ltr'><em>possunt</em></span> <span class='ocrx_word' id='word_1_198' title='bbox 840 2776 864 2818; x_wconf 93' lang='lat' dir='ltr'><em>et</em></span> <span class='ocrx_word' id='word_1_199' title='bbox 877 2783 939 2822; x_wconf 87' lang='lat' dir='ltr'><em>vcn-</em></span> 
     </span>
     <span class='ocr_line' id='line_1_28' title="bbox 149 2832 938 2912; baseline 0.034 -27"><span class='ocrx_word' id='word_1_200' title='bbox 149 2832 222 2898; x_wconf 84' lang='lat' dir='ltr'><em>dere,</em></span> <span class='ocrx_word' id='word_1_201' title='bbox 234 2836 301 2890; x_wconf 81' lang='lat' dir='ltr'><em>siem</em></span> <span class='ocrx_word' id='word_1_202' title='bbox 312 2848 336 2892; x_wconf 88' lang='lat' dir='ltr'><em>et</em></span> <span class='ocrx_word' id='word_1_203' title='bbox 348 2846 478 2911; x_wconf 86' lang='lat' dir='ltr'><em>curatrici,</em></span> <span class='ocrx_word' id='word_1_204' title='bbox 494 2854 517 2899; x_wconf 91' lang='lat' dir='ltr'><em>et</em></span> <span class='ocrx_word' id='word_1_205' title='bbox 529 2848 561 2900; x_wconf 91' lang='lat' dir='ltr'><em>de</em></span> <span class='ocrx_word' id='word_1_206' title='bbox 572 2847 711 2904; x_wconf 69' lang='lat' dir='ltr'><em>velleribus</em></span> <span class='ocrx_word' id='word_1_207' title='bbox 724 2853 811 2906; x_wconf 92' lang='lat' dir='ltr'><em>ovium</em></span> <span class='ocrx_word' id='word_1_208' title='bbox 824 2871 938 2912; x_wconf 87' lang='lat' dir='ltr'><em>suorum</em></span> 
     </span>
     <span class='ocr_line' id='line_1_29' title="bbox 148 2930 939 3005; baseline 0.035 -27"><span class='ocrx_word' id='word_1_209' title='bbox 148 2941 249 2994; x_wconf 85' lang='lat' dir='ltr'><em>pannas</em></span> <span class='ocrx_word' id='word_1_210' title='bbox 271 2930 359 2999; x_wconf 73' lang='lat' dir='ltr'><em>locare</em></span> <span class='ocrx_word' id='word_1_211' title='bbox 380 2944 405 2988; x_wconf 92' lang='lat' dir='ltr'><em>et</em></span> <span class='ocrx_word' id='word_1_212' title='bbox 421 2953 465 2990; x_wconf 87' lang='lat' dir='ltr'><em>eas</em></span> <span class='ocrx_word' id='word_1_213' title='bbox 477 2938 535 2992; x_wconf 87' lang='lat' dir='ltr'><em>sine</em></span> <span class='ocrx_word' id='word_1_214' title='bbox 559 2943 751 2998; x_wconf 84' lang='lat' dir='ltr'><em>consuetudine</em></span> <span class='ocrx_word' id='word_1_215' title='bbox 767 2944 860 3002; x_wconf 76' lang='lat' dir='ltr'><em>laicali</em></span> <span class='ocrx_word' id='word_1_216' title='bbox 875 2967 939 3005; x_wconf 89' lang='lat' dir='ltr'><em>ven·</em></span> 
     </span>
     <span class='ocr_line' id='line_1_30' title="bbox 148 3018 935 3106; baseline 0.037 -38"><span class='ocrx_word' id='word_1_217' title='bbox 148 3018 227 3085; x_wconf 86' lang='lat' dir='ltr'><em>dere;</em></span> <span class='ocrx_word' id='word_1_218' title='bbox 240 3023 276 3074; x_wconf 89' lang='lat' dir='ltr'><em>ad</em></span> <span class='ocrx_word' id='word_1_219' title='bbox 289 3041 398 3093; x_wconf 87' lang='lat' dir='ltr'><em>quorum</em></span> <span class='ocrx_word' id='word_1_220' title='bbox 414 3028 613 3098; x_wconf 75' lang='lat' dir='ltr'><em>perlectionem,</em></span> <span class='ocrx_word' id='word_1_221' title='bbox 630 3033 655 3086; x_wconf 88' lang='lat' dir='ltr'><em>si</em></span> <span class='ocrx_word' id='word_1_222' title='bbox 675 3036 741 3104; x_wconf 87' lang='lat' dir='ltr'><em>quid</em></span> <span class='ocrx_word' id='word_1_223' title='bbox 756 3036 884 3106; x_wconf 71' lang='lat' dir='ltr'><em>desuerit,</em></span> <span class='ocrx_word' id='word_1_224' title='bbox 910 3052 935 3096; x_wconf 88' lang='lat' dir='ltr'><em>et</em></span> 
     </span>
     <span class='ocr_line' id='line_1_31' title="bbox 148 3108 933 3187; baseline 0.033 -26"><span class='ocrx_word' id='word_1_225' title='bbox 148 3108 258 3166; x_wconf 81' lang='lat' dir='ltr'><em>aliunde</em></span> <span class='ocrx_word' id='word_1_226' title='bbox 269 3113 349 3182; x_wconf 76' lang='lat' dir='ltr'><em>[uerit</em></span> <span class='ocrx_word' id='word_1_227' title='bbox 360 3129 551 3187; x_wconf 83' lang='lat' dir='ltr'><em>consparatunt,</em></span> <span class='ocrx_word' id='word_1_228' title='bbox 563 3123 601 3176; x_wconf 88' lang='lat' dir='ltr'><em>eis</em></span> <span class='ocrx_word' id='word_1_229' title='bbox 617 3125 673 3178; x_wconf 91' lang='lat' dir='ltr'><em>sine</em></span> <span class='ocrx_word' id='word_1_230' title='bbox 685 3125 814 3183; x_wconf 85' lang='lat' dir='ltr'><em>solutione</em></span> <span class='ocrx_word' id='word_1_231' title='bbox 837 3130 933 3187; x_wconf 89' lang='lat' dir='ltr'><em>telonei</em></span> 
     </span>
    </p>
   </div>
   <div class='ocr_carea' id='block_1_6' title="bbox 146 3195 971 3279">
    <p class='ocr_par' dir='ltr' id='par_1_7' title="bbox 146 3195 971 3279">
     <span class='ocr_line' id='line_1_32' title="bbox 146 3195 971 3279; baseline 0.033 -28"><span class='ocrx_word' id='word_1_232' title='bbox 146 3199 175 3252; x_wconf 88' lang='lat' dir='ltr'><em>id</em></span> <span class='ocrx_word' id='word_1_233' title='bbox 203 3200 291 3269; x_wconf 75' lang='lat' dir='ltr'><em>sorem</em></span> <span class='ocrx_word' id='word_1_234' title='bbox 312 3203 411 3260; x_wconf 89' lang='lat' dir='ltr'><em>licebit.</em></span> <span class='ocrx_word' id='word_1_235' title='bbox 439 3206 477 3263; x_wconf 78' lang='lat' dir='ltr'><em>ite</em></span> <span class='ocrx_word' id='word_1_236' title='bbox 507 3213 626 3271; x_wconf 84' lang='lat' dir='ltr'><em>carnibus</em></span> <span class='ocrx_word' id='word_1_237' title='bbox 650 3219 792 3274; x_wconf 76' lang='lat' dir='ltr'><em>nutrituris</em></span> <span class='ocrx_word' id='word_1_238' title='bbox 822 3224 878 3276; x_wconf 88' lang='lat' dir='ltr'><em>suis</em></span> <span class='ocrx_word' id='word_1_239' title='bbox 908 3195 971 3279; x_wconf 74' lang='lat' dir='ltr'><em>etG</em></span> 
     </span>
    </p>
   </div>
   <div class='ocr_carea' id='block_1_7' title="bbox 139 3299 935 4300">
    <p class='ocr_par' dir='ltr' id='par_1_8' title="bbox 143 3299 935 3746">
     <span class='ocr_line' id='line_1_33' title="bbox 144 3299 935 3374; baseline 0.033 -30"><span class='ocrx_word' id='word_1_240' title='bbox 144 3307 238 3347; x_wconf 85' lang='lat' dir='ltr'><em>earum</em></span> <span class='ocrx_word' id='word_1_241' title='bbox 254 3299 420 3364; x_wconf 87' lang='lat' dir='ltr'><em>proventibus</em></span> <span class='ocrx_word' id='word_1_242' title='bbox 443 3300 531 3370; x_wconf 79' lang='lat' dir='ltr'><em>{secere</em></span> <span class='ocrx_word' id='word_1_243' title='bbox 550 3315 662 3374; x_wconf 85' lang='lat' dir='ltr'><em>possunt</em></span> <span class='ocrx_word' id='word_1_244' title='bbox 678 3310 726 3364; x_wconf 87' lang='lat' dir='ltr'><em>sub</em></span> <span class='ocrx_word' id='word_1_245' title='bbox 749 3313 841 3368; x_wconf 90' lang='lat' dir='ltr'><em>eadem</em></span> <span class='ocrx_word' id='word_1_246' title='bbox 853 3315 935 3369; x_wconf 88' lang='lat' dir='ltr'><em>liber·</em></span> 
     </span>
     <span class='ocr_line' id='line_1_34' title="bbox 145 3385 933 3475; baseline 0.036 -38"><span class='ocrx_word' id='word_1_247' title='bbox 145 3395 210 3441; x_wconf 89' lang='lat' dir='ltr'><em>tate.</em></span> <span class='ocrx_word' id='word_1_248' title='bbox 227 3385 378 3456; x_wconf 79' lang='lat' dir='ltr'><em>blay&#39;estatis</em></span> <span class='ocrx_word' id='word_1_249' title='bbox 401 3393 486 3462; x_wconf 84' lang='lat' dir='ltr'><em>igitur</em></span> <span class='ocrx_word' id='word_1_250' title='bbox 507 3407 599 3454; x_wconf 81' lang='lat' dir='ltr'><em>restra</em></span> <span class='ocrx_word' id='word_1_251' title='bbox 619 3403 728 3471; x_wconf 82' lang='lat' dir='ltr'><em>pertibus</em></span> <span class='ocrx_word' id='word_1_252' title='bbox 740 3407 872 3475; x_wconf 78' lang='lat' dir='ltr'><em>provoluti</em></span> <span class='ocrx_word' id='word_1_253' title='bbox 887 3411 933 3464; x_wconf 91' lang='lat' dir='ltr'><em>de-</em></span> 
     </span>
     <span class='ocr_line' id='line_1_35' title="bbox 143 3475 932 3560; baseline 0.032 -32"><span class='ocrx_word' id='word_1_254' title='bbox 143 3475 229 3531; x_wconf 83' lang='lat' dir='ltr'><em>votius</em></span> <span class='ocrx_word' id='word_1_255' title='bbox 241 3478 430 3548; x_wconf 82' lang='lat' dir='ltr'><em>supplicamus,</em></span> <span class='ocrx_word' id='word_1_256' title='bbox 445 3495 474 3538; x_wconf 88' lang='lat' dir='ltr'><em>ut</em></span> <span class='ocrx_word' id='word_1_257' title='bbox 487 3497 584 3542; x_wconf 77' lang='lat' dir='ltr'><em>nostra</em></span> <span class='ocrx_word' id='word_1_258' title='bbox 604 3491 753 3560; x_wconf 71' lang='lat' dir='ltr'><em>definitioni</em></span> <span class='ocrx_word' id='word_1_259' title='bbox 774 3500 932 3553; x_wconf 87' lang='lat' dir='ltr'><em>auctoritate</em></span> 
     </span>
     <span class='ocr_line' id='line_1_36' title="bbox 143 3572 931 3655; baseline 0.036 -38"><span class='ocrx_word' id='word_1_260' title='bbox 143 3576 228 3621; x_wconf 88' lang='lat' dir='ltr'><em>vestra</em></span> <span class='ocrx_word' id='word_1_261' title='bbox 250 3572 418 3641; x_wconf 81' lang='lat' dir='ltr'><em>promulgato</em></span> <span class='ocrx_word' id='word_1_262' title='bbox 442 3577 523 3630; x_wconf 89' lang='lat' dir='ltr'><em>robur</em></span> <span class='ocrx_word' id='word_1_263' title='bbox 547 3582 698 3648; x_wconf 81' lang='lat' dir='ltr'><em>apostalicae</em></span> <span class='ocrx_word' id='word_1_264' title='bbox 721 3588 931 3655; x_wconf 73' lang='lat' dir='ltr'><em>confirnmtiouis</em></span> 
     </span>
     <span class='ocr_line' id='line_1_37' title="bbox 143 3665 864 3746; baseline 0.039 -38"><span class='ocrx_word' id='word_1_265' title='bbox 143 3669 316 3726; x_wconf 84' lang='lat' dir='ltr'><em>apponentes,</em></span> <span class='ocrx_word' id='word_1_266' title='bbox 331 3678 388 3716; x_wconf 90' lang='lat' dir='ltr'><em>eant</em></span> <span class='ocrx_word' id='word_1_267' title='bbox 402 3665 537 3722; x_wconf 85' lang='lat' dir='ltr'><em>observari</em></span> <span class='ocrx_word' id='word_1_268' title='bbox 550 3671 738 3729; x_wconf 87' lang='lat' dir='ltr'><em>inuiolabiliter</em></span> <span class='ocrx_word' id='word_1_269' title='bbox 746 3677 864 3746; x_wconf 74' lang='lat' dir='ltr'><em>faciatis.</em></span> 
     </span>
    </p>

    <p class='ocr_par' dir='ltr' id='par_1_9' title="bbox 139 3749 932 4300">
     <span class='ocr_line' id='line_1_38' title="bbox 176 3749 932 3832; baseline 0.041 -30"><span class='ocrx_word' id='word_1_270' title='bbox 176 3749 248 3804; x_wconf 82' lang='lat' dir='ltr'><em>datii</em></span> <span class='ocrx_word' id='word_1_271' title='bbox 271 3765 335 3823; x_wconf 87' lang='lat' dir='ltr'><em>ergo</em></span> <span class='ocrx_word' id='word_1_272' title='bbox 352 3757 463 3812; x_wconf 86' lang='lat' dir='ltr'><em>otntritto</em></span> <span class='ocrx_word' id='word_1_273' title='bbox 480 3759 620 3816; x_wconf 87' lang='lat' dir='ltr'><em>bominum</em></span> <span class='ocrx_word' id='word_1_274' title='bbox 639 3764 720 3821; x_wconf 88' lang='lat' dir='ltr'><em>liccat</em></span> <span class='ocrx_word' id='word_1_275' title='bbox 735 3769 805 3827; x_wconf 82' lang='lat' dir='ltr'><em>barte</em></span> <span class='ocrx_word' id='word_1_276' title='bbox 830 3783 932 3832; x_wconf 82' lang='lat' dir='ltr'><em>nostras</em></span> 
     </span>
     <span class='ocr_line' id='line_1_39' title="bbox 141 3840 931 3928; baseline 0.038 -36"><span class='ocrx_word' id='word_1_277' title='bbox 141 3840 266 3910; x_wconf 86' lang='lat' dir='ltr'><em>paginam</em></span> <span class='ocrx_word' id='word_1_278' title='bbox 286 3845 501 3906; x_wconf 84' lang='lat' dir='ltr'><em>caudrmatiouis</em></span> <span class='ocrx_word' id='word_1_279' title='bbox 527 3853 687 3928; x_wconf 83' lang='lat' dir='ltr'><em>intringere,</em></span> <span class='ocrx_word' id='word_1_280' title='bbox 703 3861 744 3914; x_wconf 86' lang='lat' dir='ltr'><em>vei</em></span> <span class='ocrx_word' id='word_1_281' title='bbox 765 3863 791 3918; x_wconf 87' lang='lat' dir='ltr'><em>ei</em></span> <span class='ocrx_word' id='word_1_282' title='bbox 804 3880 871 3921; x_wconf 89' lang='lat' dir='ltr'><em>attsu</em></span> <span class='ocrx_word' id='word_1_283' title='bbox 891 3877 931 3923; x_wconf 85' lang='lat' dir='ltr'><em>te·</em></span> 
     </span>
     <span class='ocr_line' id='line_1_40' title="bbox 140 3938 929 4019; baseline 0.037 -29"><span class='ocrx_word' id='word_1_284' title='bbox 140 3938 259 3993; x_wconf 87' lang='lat' dir='ltr'><em>sacrario</em></span> <span class='ocrx_word' id='word_1_285' title='bbox 284 3944 430 3999; x_wconf 90' lang='lat' dir='ltr'><em>contraire.</em></span> <span class='ocrx_word' id='word_1_286' title='bbox 458 3943 569 4017; x_wconf 78' lang='lat' dir='ltr'><em>siquis</em></span> <span class='ocrx_word' id='word_1_287' title='bbox 595 3962 687 4008; x_wconf 86' lang='lat' dir='ltr'><em>autem</em></span> <span class='ocrx_word' id='word_1_288' title='bbox 715 3956 767 4014; x_wconf 90' lang='lat' dir='ltr'><em>boc</em></span> <span class='ocrx_word' id='word_1_289' title='bbox 792 3970 929 4019; x_wconf 87' lang='lat' dir='ltr'><em>attentare</em></span> 
     </span>
     <span class='ocr_line' id='line_1_41' title="bbox 139 4033 929 4122; baseline 0.039 -40"><span class='ocrx_word' id='word_1_290' title='bbox 139 4033 361 4100; x_wconf 76' lang='lat' dir='ltr'><em>praesumpserit,</em></span> <span class='ocrx_word' id='word_1_291' title='bbox 379 4036 595 4107; x_wconf 75' lang='lat' dir='ltr'><em>indignationem</em></span> <span class='ocrx_word' id='word_1_292' title='bbox 610 4048 808 4120; x_wconf 87' lang='lat' dir='ltr'><em>omnipotentis</em></span> <span class='ocrx_word' id='word_1_293' title='bbox 829 4054 886 4122; x_wconf 83' lang='lat' dir='ltr'><em>bei,</em></span> <span class='ocrx_word' id='word_1_294' title='bbox 901 4071 929 4113; x_wconf 89' lang='lat' dir='ltr'><em>et</em></span> 
     </span>
     <span class='ocr_line' id='line_1_42' title="bbox 139 4119 928 4214; baseline 0.041 -40"><span class='ocrx_word' id='word_1_295' title='bbox 139 4119 281 4180; x_wconf 82' lang='lat' dir='ltr'><em>beatorum</em></span> <span class='ocrx_word' id='word_1_296' title='bbox 297 4127 371 4184; x_wconf 84' lang='lat' dir='ltr'><em>Petri</em></span> <span class='ocrx_word' id='word_1_297' title='bbox 389 4139 416 4186; x_wconf 89' lang='lat' dir='ltr'><em>ct</em></span> <span class='ocrx_word' id='word_1_298' title='bbox 438 4132 514 4190; x_wconf 80' lang='lat' dir='ltr'><em>Pauli</em></span> <span class='ocrx_word' id='word_1_299' title='bbox 534 4139 719 4206; x_wconf 72' lang='lat' dir='ltr'><em>apiostoiarum</em></span> <span class='ocrx_word' id='word_1_300' title='bbox 736 4144 795 4214; x_wconf 80' lang='lat' dir='ltr'><em>ejus</em></span> <span class='ocrx_word' id='word_1_301' title='bbox 818 4161 848 4203; x_wconf 83' lang='lat' dir='ltr'><em>av</em></span> <span class='ocrx_word' id='word_1_302' title='bbox 879 4165 928 4205; x_wconf 91' lang='lat' dir='ltr'><em>no·</em></span> 
     </span>
     <span class='ocr_line' id='line_1_43' title="bbox 139 4213 410 4300; baseline 0.052 -36"><span class='ocrx_word' id='word_1_303' title='bbox 139 4213 208 4268; x_wconf 74' lang='lat' dir='ltr'><em>terit</em></span> <span class='ocrx_word' id='word_1_304' title='bbox 227 4217 410 4300; x_wconf 86' lang='lat' dir='ltr'><em>incursurum.</em></span> 
     </span>
    </p>
   </div>
   <div class='ocr_carea' id='block_1_8' title="bbox 136 4304 925 4472">
    <p class='ocr_par' dir='ltr' id='par_1_10' title="bbox 136 4304 925 4472">
     <span class='ocr_line' id='line_1_44' title="bbox 172 4304 925 4400; baseline 0.046 -42"><span class='ocrx_word' id='word_1_305' title='bbox 172 4304 271 4364; x_wconf 83' lang='lat' dir='ltr'><em>Datum</em></span> <span class='ocrx_word' id='word_1_306' title='bbox 290 4310 430 4388; x_wconf 80' lang='lat' dir='ltr'><em>Laterani,</em></span> <span class='ocrx_word' id='word_1_307' title='bbox 446 4336 473 4375; x_wconf 87' lang='lat' dir='ltr'><em>su</em></span> <span class='ocrx_word' id='word_1_308' title='bbox 496 4323 610 4394; x_wconf 81' lang='lat' dir='ltr'><em>nott...,</em></span> <span class='ocrx_word' id='word_1_309' title='bbox 636 4329 812 4400; x_wconf 77' lang='lat' dir='ltr'><em>pausistratus</em></span> <span class='ocrx_word' id='word_1_310' title='bbox 839 4337 925 4392; x_wconf 88' lang='lat' dir='ltr'><em>uestri</em></span> 
     </span>
     <span class='ocr_line' id='line_1_45' title="bbox 136 4403 335 4472; baseline 0.06 -22"><span class='ocrx_word' id='word_1_311' title='bbox 136 4409 209 4453; x_wconf 85' lang='lat' dir='ltr'><em>struo</em></span> <span class='ocrx_word' id='word_1_312' title='bbox 231 4403 335 4472; x_wconf 88' lang='lat' dir='ltr'><em>quinto.</em></span> 
     </span>
    </p>
   </div>
   <div class='ocr_carea' id='block_1_9' title="bbox 443 4505 620 4569">
    <p class='ocr_par' dir='ltr' id='par_1_11' title="bbox 443 4505 620 4569">
     <span class='ocr_line' id='line_1_46' title="bbox 443 4505 620 4569; baseline 0.051 -9"><span class='ocrx_word' id='word_1_313' title='bbox 443 4505 620 4569; x_wconf 80' lang='lat' dir='ltr'><em>ccxxsttt.</em></span> 
     </span>
    </p>
   </div>
   <div class='ocr_carea' id='block_1_10' title="bbox 154 4579 902 4748">
    <p class='ocr_par' dir='ltr' id='par_1_12' title="bbox 154 4579 902 4748">
     <span class='ocr_line' id='line_1_47' title="bbox 154 4579 902 4678; baseline 0.049 -45"><span class='ocrx_word' id='word_1_314' title='bbox 154 4579 309 4640; x_wconf 78' lang='lat' dir='ltr'><em>llanasterii</em></span> <span class='ocrx_word' id='word_1_315' title='bbox 335 4589 364 4649; x_wconf 86' lang='lat' dir='ltr'><em>S.</em></span> <span class='ocrx_word' id='word_1_316' title='bbox 390 4595 485 4652; x_wconf 79' lang='lat' dir='ltr'><em>bieria</em></span> <span class='ocrx_word' id='word_1_317' title='bbox 513 4600 678 4662; x_wconf 82' lang='lat' dir='ltr'><em>liauleietrsis</em></span> <span class='ocrx_word' id='word_1_318' title='bbox 712 4614 902 4678; x_wconf 71' lang='lat' dir='ltr'><em>promotionem</em></span> 
     </span>
     <span class='ocr_line' id='line_1_48' title="bbox 223 4659 833 4748; baseline 0.052 -42"><span class='ocrx_word' id='word_1_319' title='bbox 223 4659 344 4726; x_wconf 85' lang='lat' dir='ltr'><em>suscipit,</em></span> <span class='ocrx_word' id='word_1_320' title='bbox 359 4662 478 4736; x_wconf 85' lang='lat' dir='ltr'><em>bonaque</em></span> <span class='ocrx_word' id='word_1_321' title='bbox 491 4685 523 4724; x_wconf 89' lang='lat' dir='ltr'><em>ac</em></span> <span class='ocrx_word' id='word_1_322' title='bbox 532 4674 669 4744; x_wconf 81' lang='lat' dir='ltr'><em>priuilegia</em></span> <span class='ocrx_word' id='word_1_323' title='bbox 684 4681 833 4748; x_wconf 75' lang='lat' dir='ltr'><em>eotrp&#39;rmat.</em></span> 
     </span>
    </p>
   </div>
   <div class='ocr_carea' id='block_1_11' title="bbox 102 4739 919 5860">
    <p class='ocr_par' dir='ltr' id='par_1_13' title="bbox 102 4739 919 5860">
     <span class='ocr_line' id='line_1_49' title="bbox 150 4739 904 4845; baseline 0.05 -50"><span class='ocrx_word' id='word_1_324' title='bbox 150 4739 231 4813; x_wconf 82' lang='lat' dir='ltr'><em>[Dora</em></span> <span class='ocrx_word' id='word_1_325' title='bbox 254 4746 384 4819; x_wconf 78' lang='lat' dir='ltr'><em>Caussa,</em></span> <span class='ocrx_word' id='word_1_326' title='bbox 406 4755 525 4814; x_wconf 81' lang='lat' dir='ltr'><em>Histoire</em></span> <span class='ocrx_word' id='word_1_327' title='bbox 548 4762 581 4817; x_wconf 87' lang='lat' dir='ltr'><em>tle</em></span> <span class='ocrx_word' id='word_1_328' title='bbox 604 4765 750 4837; x_wconf 75' lang='lat' dir='ltr'><em>lorraine,</em></span> <span class='ocrx_word' id='word_1_329' title='bbox 776 4772 817 4839; x_wconf 85' lang='lat' dir='ltr'><em>lt,</em></span> <span class='ocrx_word' id='word_1_330' title='bbox 839 4774 904 4845; x_wconf 75' lang='lat' dir='ltr'><em>ue,</em></span> 
     </span>
     <span class='ocr_line' id='line_1_50' title="bbox 466 4851 582 4928; baseline 0.06 -25"><span class='ocrx_word' id='word_1_331' title='bbox 466 4864 493 4921; x_wconf 90' lang='lat' dir='ltr'><em>p.</em></span> <span class='ocrx_word' id='word_1_332' title='bbox 505 4851 582 4928; x_wconf 74' lang='lat' dir='ltr'><em>tub]</em></span> 
     </span>
     <span class='ocr_line' id='line_1_51' title="bbox 104 4927 919 5027; baseline 0.047 -45"><span class='ocrx_word' id='word_1_333' title='bbox 104 4945 106 4949; x_wconf 93' lang='lat'>·</span> <span class='ocrx_word' id='word_1_334' title='bbox 166 4927 758 5012; x_wconf 67' lang='lat' dir='ltr'><em>Cmtesrruusepiscopus,seruusseruorum</em></span> <span class='ocrx_word' id='word_1_335' title='bbox 771 4959 831 5027; x_wconf 84' lang='lat' dir='ltr'><em>bei,</em></span> <span class='ocrx_word' id='word_1_336' title='bbox 849 4962 919 5019; x_wconf 85' lang='lat' dir='ltr'><em>diis·</em></span> 
     </span>
     <span class='ocr_line' id='line_1_52' title="bbox 128 5019 918 5112; baseline 0.053 -41"><span class='ocrx_word' id='word_1_337' title='bbox 128 5019 182 5074; x_wconf 90' lang='lat' dir='ltr'><em>ctis</em></span> <span class='ocrx_word' id='word_1_338' title='bbox 195 5019 429 5098; x_wconf 81' lang='lat' dir='ltr'><em>liliisWtaussuo,</em></span> <span class='ocrx_word' id='word_1_339' title='bbox 445 5035 529 5102; x_wconf 83' lang='lat' dir='ltr'><em>priori</em></span> <span class='ocrx_word' id='word_1_340' title='bbox 538 5047 696 5100; x_wconf 89' lang='lat' dir='ltr'><em>mortasterii</em></span> <span class='ocrx_word' id='word_1_341' title='bbox 709 5047 816 5107; x_wconf 84' lang='lat' dir='ltr'><em>Sattctoe</em></span> <span class='ocrx_word' id='word_1_342' title='bbox 824 5053 918 5112; x_wconf 73' lang='lat' dir='ltr'><em>Mariae</em></span> 
     </span>
     <span class='ocr_line' id='line_1_53' title="bbox 129 5111 916 5218; baseline 0.055 -56"><span class='ocrx_word' id='word_1_343' title='bbox 129 5111 164 5164; x_wconf 89' lang='lat' dir='ltr'><em>de</em></span> <span class='ocrx_word' id='word_1_344' title='bbox 172 5113 292 5182; x_wconf 83' lang='lat' dir='ltr'><em>boulaio,</em></span> <span class='ocrx_word' id='word_1_345' title='bbox 304 5119 418 5193; x_wconf 80' lang='lat' dir='ltr'><em>ejusque</em></span> <span class='ocrx_word' id='word_1_346' title='bbox 427 5124 556 5185; x_wconf 82' lang='lat' dir='ltr'><em>iratribus</em></span> <span class='ocrx_word' id='word_1_347' title='bbox 572 5141 625 5187; x_wconf 85' lang='lat' dir='ltr'><em>tatu</em></span> <span class='ocrx_word' id='word_1_348' title='bbox 645 5144 823 5205; x_wconf 74' lang='lat' dir='ltr'><em>pensantibus</em></span> <span class='ocrx_word' id='word_1_349' title='bbox 833 5164 916 5218; x_wconf 88' lang='lat' dir='ltr'><em>quam</em></span> 
     </span>
     <span class='ocr_line' id='line_1_54' title="bbox 128 5199 913 5306; baseline 0.052 -52"><span class='ocrx_word' id='word_1_350' title='bbox 128 5199 247 5273; x_wconf 87' lang='lat' dir='ltr'><em>laturis,</em></span> <span class='ocrx_word' id='word_1_351' title='bbox 264 5213 416 5280; x_wconf 88' lang='lat' dir='ltr'><em>regularem</em></span> <span class='ocrx_word' id='word_1_352' title='bbox 439 5219 522 5275; x_wconf 88' lang='lat' dir='ltr'><em>uitam</em></span> <span class='ocrx_word' id='word_1_353' title='bbox 539 5225 669 5294; x_wconf 80' lang='lat' dir='ltr'><em>professis</em></span> <span class='ocrx_word' id='word_1_354' title='bbox 694 5231 720 5286; x_wconf 93' lang='lat' dir='ltr'><em>in</em></span> <span class='ocrx_word' id='word_1_355' title='bbox 741 5247 913 5306; x_wconf 89' lang='lat' dir='ltr'><em>perpetuum.</em></span> 
     </span>
     <span class='ocr_line' id='line_1_55' title="bbox 102 5293 916 5393; baseline 0.059 -50"><span class='ocrx_word' id='word_1_356' title='bbox 102 5319 106 5329; x_wconf 82' lang='lat'><strong>·</strong></span> <span class='ocrx_word' id='word_1_357' title='bbox 162 5293 274 5361; x_wconf 78' lang='lat' dir='ltr'><em>Quoties</em></span> <span class='ocrx_word' id='word_1_358' title='bbox 287 5306 390 5363; x_wconf 88' lang='lat' dir='ltr'><em>anobis</em></span> <span class='ocrx_word' id='word_1_359' title='bbox 404 5311 507 5378; x_wconf 89' lang='lat' dir='ltr'><em>petitur</em></span> <span class='ocrx_word' id='word_1_360' title='bbox 516 5317 587 5384; x_wconf 93' lang='lat' dir='ltr'><em>quad</em></span> <span class='ocrx_word' id='word_1_361' title='bbox 601 5319 724 5390; x_wconf 82' lang='lat' dir='ltr'><em>religioni</em></span> <span class='ocrx_word' id='word_1_362' title='bbox 738 5338 765 5381; x_wconf 91' lang='lat' dir='ltr'><em>et</em></span> <span class='ocrx_word' id='word_1_363' title='bbox 776 5329 916 5393; x_wconf 90' lang='lat' dir='ltr'><em>ltaacstati</em></span> 
     </span>
     <span class='ocr_line' id='line_1_56' title="bbox 125 5391 911 5484; baseline 0.057 -45"><span class='ocrx_word' id='word_1_364' title='bbox 125 5391 274 5446; x_wconf 81' lang='lat' dir='ltr'><em>contenire</em></span> <span class='ocrx_word' id='word_1_365' title='bbox 300 5397 484 5472; x_wconf 85' lang='lat' dir='ltr'><em>dignoscitur,</em></span> <span class='ocrx_word' id='word_1_366' title='bbox 514 5409 606 5466; x_wconf 85' lang='lat' dir='ltr'><em>auium</em></span> <span class='ocrx_word' id='word_1_367' title='bbox 631 5430 681 5469; x_wconf 84' lang='lat' dir='ltr'><em>uos</em></span> <span class='ocrx_word' id='word_1_368' title='bbox 707 5419 785 5475; x_wconf 86' lang='lat' dir='ltr'><em>tlceet</em></span> <span class='ocrx_word' id='word_1_369' title='bbox 816 5424 911 5484; x_wconf 84' lang='lat' dir='ltr'><em>libenti</em></span> 
     </span>
     <span class='ocr_line' id='line_1_57' title="bbox 123 5485 913 5582; baseline 0.056 -50"><span class='ocrx_word' id='word_1_370' title='bbox 123 5485 276 5540; x_wconf 83' lang='lat' dir='ltr'><em>concedere</em></span> <span class='ocrx_word' id='word_1_371' title='bbox 286 5499 314 5543; x_wconf 89' lang='lat' dir='ltr'><em>et</em></span> <span class='ocrx_word' id='word_1_372' title='bbox 325 5492 406 5560; x_wconf 87' lang='lat' dir='ltr'><em>justis</em></span> <span class='ocrx_word' id='word_1_373' title='bbox 418 5502 569 5565; x_wconf 86' lang='lat' dir='ltr'><em>petentium</em></span> <span class='ocrx_word' id='word_1_374' title='bbox 581 5506 725 5564; x_wconf 78' lang='lat' dir='ltr'><em>desideriis</em></span> <span class='ocrx_word' id='word_1_375' title='bbox 734 5517 913 5582; x_wconf 87' lang='lat' dir='ltr'><em>apostolicam</em></span> 
     </span>
     <span class='ocr_line' id='line_1_58' title="bbox 122 5579 911 5672; baseline 0.058 -46"><span class='ocrx_word' id='word_1_376' title='bbox 122 5579 306 5643; x_wconf 71' lang='lat' dir='ltr'><em>patrocinium</em></span> <span class='ocrx_word' id='word_1_377' title='bbox 319 5585 463 5656; x_wconf 89' lang='lat' dir='ltr'><em>impertiri.</em></span> <span class='ocrx_word' id='word_1_378' title='bbox 473 5593 634 5668; x_wconf 82' lang='lat' dir='ltr'><em>Euproptsr,</em></span> <span class='ocrx_word' id='word_1_379' title='bbox 648 5603 739 5660; x_wconf 88' lang='lat' dir='ltr'><em>dilecti</em></span> <span class='ocrx_word' id='word_1_380' title='bbox 754 5607 781 5662; x_wconf 89' lang='lat' dir='ltr'><em>io</em></span> <span class='ocrx_word' id='word_1_381' title='bbox 793 5608 911 5672; x_wconf 87' lang='lat' dir='ltr'><em>Domino</em></span> 
     </span>
     <span class='ocr_line' id='line_1_59' title="bbox 124 5665 911 5764; baseline 0.061 -47"><span class='ocrx_word' id='word_1_382' title='bbox 124 5665 188 5732; x_wconf 86' lang='lat' dir='ltr'><em>biii,</em></span> <span class='ocrx_word' id='word_1_383' title='bbox 214 5676 314 5732; x_wconf 84' lang='lat' dir='ltr'><em>restris</em></span> <span class='ocrx_word' id='word_1_384' title='bbox 335 5676 416 5747; x_wconf 86' lang='lat' dir='ltr'><em>justis</em></span> <span class='ocrx_word' id='word_1_385' title='bbox 438 5688 666 5752; x_wconf 78' lang='lat' dir='ltr'><em>postulationibus</em></span> <span class='ocrx_word' id='word_1_386' title='bbox 689 5698 839 5758; x_wconf 87' lang='lat' dir='ltr'><em>clementer</em></span> <span class='ocrx_word' id='word_1_387' title='bbox 859 5722 911 5764; x_wconf 91' lang='lat' dir='ltr'><em>an-</em></span> 
     </span>
     <span class='ocr_line' id='line_1_60' title="bbox 122 5759 910 5860; baseline 0.063 -50"><span class='ocrx_word' id='word_1_388' title='bbox 122 5759 247 5836; x_wconf 75' lang='lat' dir='ltr'><em>uiuimus,</em></span> <span class='ocrx_word' id='word_1_389' title='bbox 271 5779 300 5826; x_wconf 87' lang='lat' dir='ltr'><em>et</em></span> <span class='ocrx_word' id='word_1_390' title='bbox 319 5771 460 5843; x_wconf 81' lang='lat' dir='ltr'><em>prelatum</em></span> <span class='ocrx_word' id='word_1_391' title='bbox 482 5783 679 5846; x_wconf 83' lang='lat' dir='ltr'><em>monasterium</em></span> <span class='ocrx_word' id='word_1_392' title='bbox 703 5790 733 5851; x_wconf 85' lang='lat' dir='ltr'><em>S.</em></span> <span class='ocrx_word' id='word_1_393' title='bbox 759 5793 853 5859; x_wconf 81' lang='lat' dir='ltr'><em>uaria</em></span> <span class='ocrx_word' id='word_1_394' title='bbox 875 5801 910 5860; x_wconf 89' lang='lat' dir='ltr'><em>de</em></span> 
     </span>
    </p>
   </div>
   <div class='ocr_carea' id='block_1_12' title="bbox 979 657 1866 4442">
    <p class='ocr_par' dir='ltr' id='par_1_14' title="bbox 998 657 1804 2039">
     <span class='ocr_line' id='line_1_61' title="bbox 1012 657 1804 749; baseline 0.032 -39"><span class='ocrx_word' id='word_1_395' title='bbox 1012 657 1155 726; x_wconf 78' lang='lat' dir='ltr'><em>prusensis</em></span> <span class='ocrx_word' id='word_1_396' title='bbox 1169 661 1264 731; x_wconf 86' lang='lat' dir='ltr'><em>scripti</em></span> <span class='ocrx_word' id='word_1_397' title='bbox 1277 665 1419 738; x_wconf 83' lang='lat' dir='ltr'><em>priuilegio</em></span> <span class='ocrx_word' id='word_1_398' title='bbox 1434 673 1653 742; x_wconf 88' lang='lat' dir='ltr'><em>eomutuuinurs;</em></span> <span class='ocrx_word' id='word_1_399' title='bbox 1668 675 1695 732; x_wconf 92' lang='lat' dir='ltr'><em>in</em></span> <span class='ocrx_word' id='word_1_400' title='bbox 1708 679 1804 749; x_wconf 84' lang='lat' dir='ltr'><em>primis</em></span> 
     </span>
     <span class='ocr_line' id='line_1_62' title="bbox 1013 747 1803 838; baseline 0.032 -36"><span class='ocrx_word' id='word_1_401' title='bbox 1013 747 1149 818; x_wconf 88' lang='lat' dir='ltr'><em>siquidem</em></span> <span class='ocrx_word' id='word_1_402' title='bbox 1163 760 1315 812; x_wconf 76' lang='lat' dir='ltr'><em>statuentes</em></span> <span class='ocrx_word' id='word_1_403' title='bbox 1329 768 1359 811; x_wconf 92' lang='lat' dir='ltr'><em>ut</em></span> <span class='ocrx_word' id='word_1_404' title='bbox 1370 759 1437 814; x_wconf 90' lang='lat' dir='ltr'><em>ardo</em></span> <span class='ocrx_word' id='word_1_405' title='bbox 1450 765 1684 838; x_wconf 88' lang='lat' dir='ltr'><em>mottasticus,qui</em></span> <span class='ocrx_word' id='word_1_406' title='bbox 1702 786 1803 828; x_wconf 86' lang='lat' dir='ltr'><em>sectur-</em></span> 
     </span>
     <span class='ocr_line' id='line_1_63' title="bbox 1011 839 1800 924; baseline 0.037 -32"><span class='ocrx_word' id='word_1_407' title='bbox 1011 839 1075 894; x_wconf 90' lang='lat' dir='ltr'><em>dum</em></span> <span class='ocrx_word' id='word_1_408' title='bbox 1092 841 1198 897; x_wconf 80' lang='lat' dir='ltr'><em>licutini</em></span> <span class='ocrx_word' id='word_1_409' title='bbox 1217 854 1245 898; x_wconf 88' lang='lat' dir='ltr'><em>ct</em></span> <span class='ocrx_word' id='word_1_410' title='bbox 1267 846 1338 902; x_wconf 89' lang='lat' dir='ltr'><em>beati</em></span> <span class='ocrx_word' id='word_1_411' title='bbox 1359 847 1494 908; x_wconf 80' lang='lat' dir='ltr'><em>benedieti</em></span> <span class='ocrx_word' id='word_1_412' title='bbox 1512 853 1642 924; x_wconf 83' lang='lat' dir='ltr'><em>llcguiam</em></span> <span class='ocrx_word' id='word_1_413' title='bbox 1662 861 1689 914; x_wconf 93' lang='lat' dir='ltr'><em>in</em></span> <span class='ocrx_word' id='word_1_414' title='bbox 1704 863 1800 920; x_wconf 86' lang='lat' dir='ltr'><em>eodem</em></span> 
     </span>
     <span class='ocr_line' id='line_1_64' title="bbox 1013 933 1802 1024; baseline 0.039 -41"><span class='ocrx_word' id='word_1_415' title='bbox 1013 933 1182 989; x_wconf 88' lang='lat' dir='ltr'><em>monasterio</em></span> <span class='ocrx_word' id='word_1_416' title='bbox 1207 936 1348 994; x_wconf 88' lang='lat' dir='ltr'><em>institutus</em></span> <span class='ocrx_word' id='word_1_417' title='bbox 1370 956 1430 996; x_wconf 87' lang='lat' dir='ltr'><em>essa</em></span> <span class='ocrx_word' id='word_1_418' title='bbox 1456 944 1638 1018; x_wconf 87' lang='lat' dir='ltr'><em>dignoscitur,</em></span> <span class='ocrx_word' id='word_1_419' title='bbox 1663 958 1802 1024; x_wconf 87' lang='lat' dir='ltr'><em>perpetuis</em></span> 
     </span>
     <span class='ocr_line' id='line_1_65' title="bbox 1010 1018 1802 1102; baseline 0.037 -28"><span class='ocrx_word' id='word_1_420' title='bbox 1010 1018 1112 1076; x_wconf 88' lang='lat' dir='ltr'><em>ibidem</em></span> <span class='ocrx_word' id='word_1_421' title='bbox 1134 1029 1303 1094; x_wconf 86' lang='lat' dir='ltr'><em>ternporibus</em></span> <span class='ocrx_word' id='word_1_422' title='bbox 1328 1032 1520 1090; x_wconf 86' lang='lat' dir='ltr'><em>inuiolabiliter</em></span> <span class='ocrx_word' id='word_1_423' title='bbox 1543 1040 1713 1100; x_wconf 85' lang='lat' dir='ltr'><em>observetur.</em></span> <span class='ocrx_word' id='word_1_424' title='bbox 1729 1046 1802 1102; x_wconf 75' lang='lat' dir='ltr'><em>Prat-</em></span> 
     </span>
     <span class='ocr_line' id='line_1_66' title="bbox 1008 1119 1799 1204; baseline 0.037 -39"><span class='ocrx_word' id='word_1_425' title='bbox 1008 1119 1083 1166; x_wconf 88' lang='lat' dir='ltr'><em>terea</em></span> <span class='ocrx_word' id='word_1_426' title='bbox 1109 1128 1287 1187; x_wconf 78' lang='lat' dir='ltr'><em>quatecunque</em></span> <span class='ocrx_word' id='word_1_427' title='bbox 1311 1125 1515 1193; x_wconf 85' lang='lat' dir='ltr'><em>possessiones,</em></span> <span class='ocrx_word' id='word_1_428' title='bbox 1539 1145 1709 1204; x_wconf 71' lang='lat' dir='ltr'><em>quaecunque</em></span> <span class='ocrx_word' id='word_1_429' title='bbox 1727 1137 1799 1194; x_wconf 89' lang='lat' dir='ltr'><em>bona</em></span> 
     </span>
     <span class='ocr_line' id='line_1_67' title="bbox 1008 1203 1801 1290; baseline 0.032 -32"><span class='ocrx_word' id='word_1_430' title='bbox 1008 1203 1079 1258; x_wconf 90' lang='lat' dir='ltr'><em>idem</em></span> <span class='ocrx_word' id='word_1_431' title='bbox 1109 1209 1304 1264; x_wconf 86' lang='lat' dir='ltr'><em>monasterium</em></span> <span class='ocrx_word' id='word_1_432' title='bbox 1324 1212 1568 1281; x_wconf 73' lang='lat' dir='ltr'><em>impresentiarum</em></span> <span class='ocrx_word' id='word_1_433' title='bbox 1590 1221 1663 1290; x_wconf 85' lang='lat' dir='ltr'><em>juste</em></span> <span class='ocrx_word' id='word_1_434' title='bbox 1679 1234 1705 1280; x_wconf 86' lang='lat' dir='ltr'><em>ct</em></span> <span class='ocrx_word' id='word_1_435' title='bbox 1719 1242 1801 1283; x_wconf 89' lang='lat' dir='ltr'><em>catto-</em></span> 
     </span>
     <span class='ocr_line' id='line_1_68' title="bbox 1006 1294 1800 1392; baseline 0.04 -45"><span class='ocrx_word' id='word_1_436' title='bbox 1006 1294 1067 1349; x_wconf 91' lang='lat' dir='ltr'><em>niee</em></span> <span class='ocrx_word' id='word_1_437' title='bbox 1092 1298 1228 1366; x_wconf 85' lang='lat' dir='ltr'><em>possidet,</em></span> <span class='ocrx_word' id='word_1_438' title='bbox 1243 1309 1291 1356; x_wconf 92' lang='lat' dir='ltr'><em>aut</em></span> <span class='ocrx_word' id='word_1_439' title='bbox 1308 1302 1335 1358; x_wconf 90' lang='lat' dir='ltr'><em>in</em></span> <span class='ocrx_word' id='word_1_440' title='bbox 1360 1305 1483 1364; x_wconf 87' lang='lat' dir='ltr'><em>lttttrrurn</em></span> <span class='ocrx_word' id='word_1_441' title='bbox 1506 1316 1683 1374; x_wconf 86' lang='lat' dir='ltr'><em>cottcessione</em></span> <span class='ocrx_word' id='word_1_442' title='bbox 1710 1324 1800 1392; x_wconf 87' lang='lat' dir='ltr'><em>ponti·</em></span> 
     </span>
     <span class='ocr_line' id='line_1_69' title="bbox 1005 1386 1797 1480; baseline 0.044 -40"><span class='ocrx_word' id='word_1_443' title='bbox 1005 1386 1104 1457; x_wconf 82' lang='lat' dir='ltr'><em>deum,</em></span> <span class='ocrx_word' id='word_1_444' title='bbox 1121 1391 1269 1466; x_wconf 78' lang='lat' dir='ltr'><em>largitione</em></span> <span class='ocrx_word' id='word_1_445' title='bbox 1294 1415 1384 1471; x_wconf 86' lang='lat' dir='ltr'><em>regum</em></span> <span class='ocrx_word' id='word_1_446' title='bbox 1403 1404 1445 1458; x_wconf 87' lang='lat' dir='ltr'><em>rel</em></span> <span class='ocrx_word' id='word_1_447' title='bbox 1469 1408 1641 1480; x_wconf 80' lang='lat' dir='ltr'><em>principum,</em></span> <span class='ocrx_word' id='word_1_448' title='bbox 1658 1415 1797 1474; x_wconf 89' lang='lat' dir='ltr'><em>oblatione</em></span> 
     </span>
     <span class='ocr_line' id='line_1_70' title="bbox 1006 1478 1795 1577; baseline 0.043 -42"><span class='ocrx_word' id='word_1_449' title='bbox 1006 1478 1128 1539; x_wconf 85' lang='lat' dir='ltr'><em>fidelium</em></span> <span class='ocrx_word' id='word_1_450' title='bbox 1142 1501 1189 1542; x_wconf 89' lang='lat' dir='ltr'><em>scu</em></span> <span class='ocrx_word' id='word_1_451' title='bbox 1204 1488 1266 1545; x_wconf 86' lang='lat' dir='ltr'><em>aliis</em></span> <span class='ocrx_word' id='word_1_452' title='bbox 1277 1491 1362 1561; x_wconf 83' lang='lat' dir='ltr'><em>justis</em></span> <span class='ocrx_word' id='word_1_453' title='bbox 1379 1499 1482 1564; x_wconf 87' lang='lat' dir='ltr'><em>aradis,</em></span> <span class='ocrx_word' id='word_1_454' title='bbox 1498 1512 1647 1568; x_wconf 75' lang='lat' dir='ltr'><em>prestante</em></span> <span class='ocrx_word' id='word_1_455' title='bbox 1665 1509 1795 1577; x_wconf 81' lang='lat' dir='ltr'><em>barutino.</em></span> 
     </span>
     <span class='ocr_line' id='line_1_71' title="bbox 1003 1575 1795 1666; baseline 0.042 -39"><span class='ocrx_word' id='word_1_456' title='bbox 1003 1575 1103 1641; x_wconf 89' lang='lat' dir='ltr'><em>poterit</em></span> <span class='ocrx_word' id='word_1_457' title='bbox 1119 1578 1337 1648; x_wconf 86' lang='lat' dir='ltr'><em>adipisci,brma</em></span> <span class='ocrx_word' id='word_1_458' title='bbox 1357 1591 1432 1646; x_wconf 84' lang='lat' dir='ltr'><em>uoltis</em></span> <span class='ocrx_word' id='word_1_459' title='bbox 1450 1597 1601 1666; x_wconf 84' lang='lat' dir='ltr'><em>uestrisque</em></span> <span class='ocrx_word' id='word_1_460' title='bbox 1627 1605 1795 1659; x_wconf 88' lang='lat' dir='ltr'><em>suecessori-</em></span> 
     </span>
     <span class='ocr_line' id='line_1_72' title="bbox 1002 1662 1793 1770; baseline 0.047 -52"><span class='ocrx_word' id='word_1_461' title='bbox 1002 1662 1053 1719; x_wconf 89' lang='lat' dir='ltr'><em>bus</em></span> <span class='ocrx_word' id='word_1_462' title='bbox 1068 1674 1096 1721; x_wconf 92' lang='lat' dir='ltr'><em>et</em></span> <span class='ocrx_word' id='word_1_463' title='bbox 1111 1667 1215 1727; x_wconf 88' lang='lat' dir='ltr'><em>illibata</em></span> <span class='ocrx_word' id='word_1_464' title='bbox 1232 1687 1421 1742; x_wconf 78' lang='lat' dir='ltr'><em>pctnnancant.</em></span> <span class='ocrx_word' id='word_1_465' title='bbox 1438 1682 1466 1738; x_wconf 88' lang='lat' dir='ltr'><em>ln</em></span> <span class='ocrx_word' id='word_1_466' title='bbox 1481 1689 1579 1756; x_wconf 87' lang='lat' dir='ltr'><em>quibus</em></span> <span class='ocrx_word' id='word_1_467' title='bbox 1601 1691 1658 1749; x_wconf 82' lang='lat' dir='ltr'><em>bac</em></span> <span class='ocrx_word' id='word_1_468' title='bbox 1672 1699 1793 1770; x_wconf 85' lang='lat' dir='ltr'><em>propriis</em></span> 
     </span>
     <span class='ocr_line' id='line_1_73' title="bbox 1001 1756 1496 1835; baseline 0.044 -25"><span class='ocrx_word' id='word_1_469' title='bbox 1001 1756 1128 1817; x_wconf 79' lang='lat' dir='ltr'><em>duximus</em></span> <span class='ocrx_word' id='word_1_470' title='bbox 1141 1765 1315 1835; x_wconf 84' lang='lat' dir='ltr'><em>exprimenda</em></span> <span class='ocrx_word' id='word_1_471' title='bbox 1335 1775 1474 1834; x_wconf 88' lang='lat' dir='ltr'><em>vocabulis</em></span> <span class='ocrx_word' id='word_1_472' title='bbox 1490 1796 1496 1832; x_wconf 93' lang='lat'><strong>:</strong></span> 
     </span>
     <span class='ocr_line' id='line_1_74' title="bbox 1166 1855 1791 1941; baseline 0.054 -33"><span class='ocrx_word' id='word_1_473' title='bbox 1166 1855 1253 1926; x_wconf 88' lang='lat' dir='ltr'><em>ipsum</em></span> <span class='ocrx_word' id='word_1_474' title='bbox 1283 1861 1310 1916; x_wconf 90' lang='lat' dir='ltr'><em>in</em></span> <span class='ocrx_word' id='word_1_475' title='bbox 1340 1879 1393 1930; x_wconf 91' lang='lat' dir='ltr'><em>qno</em></span> <span class='ocrx_word' id='word_1_476' title='bbox 1420 1870 1562 1938; x_wconf 75' lang='lat' dir='ltr'><em>probitum</em></span> <span class='ocrx_word' id='word_1_477' title='bbox 1593 1883 1791 1941; x_wconf 89' lang='lat' dir='ltr'><em>monasterium</em></span> 
     </span>
     <span class='ocr_line' id='line_1_75' title="bbox 998 1934 1789 2039; baseline 0.059 -50"><span class='ocrx_word' id='word_1_478' title='bbox 998 1934 1080 1990; x_wconf 89' lang='lat' dir='ltr'><em>situm</em></span> <span class='ocrx_word' id='word_1_479' title='bbox 1106 1951 1161 2008; x_wconf 83' lang='lat' dir='ltr'><em>est,</em></span> <span class='ocrx_word' id='word_1_480' title='bbox 1179 1959 1240 2000; x_wconf 91' lang='lat' dir='ltr'><em>cum</em></span> <span class='ocrx_word' id='word_1_481' title='bbox 1267 1953 1394 2010; x_wconf 82' lang='lat' dir='ltr'><em>otttrtibus</em></span> <span class='ocrx_word' id='word_1_482' title='bbox 1418 1961 1590 2026; x_wconf 84' lang='lat' dir='ltr'><em>pertiuentiis</em></span> <span class='ocrx_word' id='word_1_483' title='bbox 1613 1971 1690 2039; x_wconf 86' lang='lat' dir='ltr'><em>suis,</em></span> <span class='ocrx_word' id='word_1_484' title='bbox 1711 1984 1789 2036; x_wconf 88' lang='lat' dir='ltr'><em>etc...</em></span> 
     </span>
    </p>

    <p class='ocr_par' dir='ltr' id='par_1_15' title="bbox 984 2027 1866 3686">
     <span class='ocr_line' id='line_1_76' title="bbox 1033 2027 1791 2130; baseline 0.057 -49"><span class='ocrx_word' id='word_1_485' title='bbox 1033 2027 1129 2086; x_wconf 89' lang='lat' dir='ltr'><em>Liceat</em></span> <span class='ocrx_word' id='word_1_486' title='bbox 1146 2051 1254 2107; x_wconf 86' lang='lat' dir='ltr'><em>quoque</em></span> <span class='ocrx_word' id='word_1_487' title='bbox 1279 2045 1355 2100; x_wconf 84' lang='lat' dir='ltr'><em>robis</em></span> <span class='ocrx_word' id='word_1_488' title='bbox 1371 2048 1485 2108; x_wconf 88' lang='lat' dir='ltr'><em>ciericos</em></span> <span class='ocrx_word' id='word_1_489' title='bbox 1500 2055 1542 2108; x_wconf 88' lang='lat' dir='ltr'><em>nel</em></span> <span class='ocrx_word' id='word_1_490' title='bbox 1565 2057 1672 2130; x_wconf 88' lang='lat' dir='ltr'><em>laicos,</em></span> <span class='ocrx_word' id='word_1_491' title='bbox 1689 2064 1791 2124; x_wconf 85' lang='lat' dir='ltr'><em>liberos</em></span> 
     </span>
     <span class='ocr_line' id='line_1_77' title="bbox 997 2121 1787 2214; baseline 0.053 -42"><span class='ocrx_word' id='word_1_492' title='bbox 997 2124 1025 2172; x_wconf 90' lang='lat' dir='ltr'><em>et</em></span> <span class='ocrx_word' id='word_1_493' title='bbox 1048 2121 1219 2183; x_wconf 86' lang='lat' dir='ltr'><em>absolutose</em></span> <span class='ocrx_word' id='word_1_494' title='bbox 1243 2135 1343 2188; x_wconf 80' lang='lat' dir='ltr'><em>seculo</em></span> <span class='ocrx_word' id='word_1_495' title='bbox 1362 2137 1497 2210; x_wconf 83' lang='lat' dir='ltr'><em>fugientes</em></span> <span class='ocrx_word' id='word_1_496' title='bbox 1521 2150 1554 2204; x_wconf 88' lang='lat' dir='ltr'><em>ad</em></span> <span class='ocrx_word' id='word_1_497' title='bbox 1578 2157 1787 2214; x_wconf 86' lang='lat' dir='ltr'><em>conversionem</em></span> 
     </span>
     <span class='ocr_line' id='line_1_78' title="bbox 996 2210 1790 2317; baseline 0.06 -57"><span class='ocrx_word' id='word_1_498' title='bbox 996 2210 1129 2282; x_wconf 87' lang='lat' dir='ltr'><em>recipere,</em></span> <span class='ocrx_word' id='word_1_499' title='bbox 1146 2227 1174 2270; x_wconf 90' lang='lat' dir='ltr'><em>et</em></span> <span class='ocrx_word' id='word_1_500' title='bbox 1198 2233 1246 2274; x_wconf 91' lang='lat' dir='ltr'><em>cos</em></span> <span class='ocrx_word' id='word_1_501' title='bbox 1270 2224 1376 2295; x_wconf 89' lang='lat' dir='ltr'><em>absque</em></span> <span class='ocrx_word' id='word_1_502' title='bbox 1397 2239 1615 2297; x_wconf 80' lang='lat' dir='ltr'><em>contradictione</em></span> <span class='ocrx_word' id='word_1_503' title='bbox 1638 2245 1729 2317; x_wconf 87' lang='lat' dir='ltr'><em>aliqua</em></span> <span class='ocrx_word' id='word_1_504' title='bbox 1747 2265 1790 2306; x_wconf 89' lang='lat' dir='ltr'><em>re·</em></span> 
     </span>
     <span class='ocr_line' id='line_1_79' title="bbox 996 2301 1789 2400; baseline 0.057 -45"><span class='ocrx_word' id='word_1_505' title='bbox 996 2301 1094 2358; x_wconf 82' lang='lat' dir='ltr'><em>tinere.</em></span> <span class='ocrx_word' id='word_1_506' title='bbox 1118 2305 1300 2369; x_wconf 88' lang='lat' dir='ltr'><em>Proltibemus</em></span> <span class='ocrx_word' id='word_1_507' title='bbox 1325 2317 1437 2392; x_wconf 90' lang='lat' dir='ltr'><em>insuper</em></span> <span class='ocrx_word' id='word_1_508' title='bbox 1462 2337 1491 2383; x_wconf 93' lang='lat' dir='ltr'><em>ut</em></span> <span class='ocrx_word' id='word_1_509' title='bbox 1510 2332 1574 2391; x_wconf 82' lang='lat' dir='ltr'><em>atilli</em></span> <span class='ocrx_word' id='word_1_510' title='bbox 1598 2333 1716 2395; x_wconf 80' lang='lat' dir='ltr'><em>fratrum</em></span> <span class='ocrx_word' id='word_1_511' title='bbox 1741 2359 1789 2400; x_wconf 86' lang='lat' dir='ltr'><em>ue-</em></span> 
     </span>
     <span class='ocr_line' id='line_1_80' title="bbox 994 2401 1788 2502; baseline 0.06 -57"><span class='ocrx_word' id='word_1_512' title='bbox 994 2401 1113 2451; x_wconf 90' lang='lat' dir='ltr'><em>strorum</em></span> <span class='ocrx_word' id='word_1_513' title='bbox 1136 2411 1199 2470; x_wconf 87' lang='lat' dir='ltr'><em>post</em></span> <span class='ocrx_word' id='word_1_514' title='bbox 1219 2403 1320 2464; x_wconf 87' lang='lat' dir='ltr'><em>iactam</em></span> <span class='ocrx_word' id='word_1_515' title='bbox 1344 2411 1370 2467; x_wconf 90' lang='lat' dir='ltr'><em>in</em></span> <span class='ocrx_word' id='word_1_516' title='bbox 1387 2423 1554 2479; x_wconf 81' lang='lat' dir='ltr'><em>mettasterio</em></span> <span class='ocrx_word' id='word_1_517' title='bbox 1568 2439 1660 2486; x_wconf 84' lang='lat' dir='ltr'><em>restro</em></span> <span class='ocrx_word' id='word_1_518' title='bbox 1680 2437 1788 2502; x_wconf 81' lang='lat' dir='ltr'><em>proles·</em></span> 
     </span>
     <span class='ocr_line' id='line_1_81' title="bbox 993 2488 1786 2592; baseline 0.057 -50"><span class='ocrx_word' id='word_1_519' title='bbox 993 2488 1115 2557; x_wconf 83' lang='lat' dir='ltr'><em>sionem,</em></span> <span class='ocrx_word' id='word_1_520' title='bbox 1140 2493 1182 2552; x_wconf 87' lang='lat' dir='ltr'><em>las</em></span> <span class='ocrx_word' id='word_1_521' title='bbox 1208 2500 1243 2555; x_wconf 90' lang='lat' dir='ltr'><em>sit</em></span> <span class='ocrx_word' id='word_1_522' title='bbox 1264 2505 1368 2575; x_wconf 79' lang='lat' dir='ltr'><em>alisque</em></span> <span class='ocrx_word' id='word_1_523' title='bbox 1392 2511 1490 2579; x_wconf 86' lang='lat' dir='ltr'><em>prioris</em></span> <span class='ocrx_word' id='word_1_524' title='bbox 1522 2520 1563 2573; x_wconf 92' lang='lat' dir='ltr'><em>sui</em></span> <span class='ocrx_word' id='word_1_525' title='bbox 1589 2520 1715 2592; x_wconf 86' lang='lat' dir='ltr'><em>licentia,</em></span> <span class='ocrx_word' id='word_1_526' title='bbox 1734 2532 1786 2587; x_wconf 89' lang='lat' dir='ltr'><em>nisi</em></span> 
     </span>
     <span class='ocr_line' id='line_1_82' title="bbox 992 2579 1786 2678; baseline 0.062 -49"><span class='ocrx_word' id='word_1_527' title='bbox 992 2579 1121 2646; x_wconf 78' lang='lat' dir='ltr'><em>arctioris</em></span> <span class='ocrx_word' id='word_1_528' title='bbox 1147 2585 1286 2658; x_wconf 82' lang='lat' dir='ltr'><em>uolgiouis</em></span> <span class='ocrx_word' id='word_1_529' title='bbox 1307 2597 1437 2668; x_wconf 89' lang='lat' dir='ltr'><em>obtentu,</em></span> <span class='ocrx_word' id='word_1_530' title='bbox 1453 2605 1486 2660; x_wconf 90' lang='lat' dir='ltr'><em>de</em></span> <span class='ocrx_word' id='word_1_531' title='bbox 1503 2610 1599 2664; x_wconf 86' lang='lat' dir='ltr'><em>eodem</em></span> <span class='ocrx_word' id='word_1_532' title='bbox 1616 2611 1676 2671; x_wconf 89' lang='lat' dir='ltr'><em>ioca</em></span> <span class='ocrx_word' id='word_1_533' title='bbox 1698 2619 1786 2678; x_wconf 87' lang='lat' dir='ltr'><em>disee·</em></span> 
     </span>
     <span class='ocr_line' id='line_1_83' title="bbox 992 2665 1784 2770; baseline 0.064 -52"><span class='ocrx_word' id='word_1_534' title='bbox 992 2665 1076 2736; x_wconf 83' lang='lat' dir='ltr'><em>dere3</em></span> <span class='ocrx_word' id='word_1_535' title='bbox 1092 2671 1264 2736; x_wconf 84' lang='lat' dir='ltr'><em>discedentes</em></span> <span class='ocrx_word' id='word_1_536' title='bbox 1280 2697 1345 2741; x_wconf 87' lang='lat' dir='ltr'><em>rero</em></span> <span class='ocrx_word' id='word_1_537' title='bbox 1361 2690 1463 2761; x_wconf 85' lang='lat' dir='ltr'><em>absque</em></span> <span class='ocrx_word' id='word_1_538' title='bbox 1484 2705 1619 2758; x_wconf 87' lang='lat' dir='ltr'><em>eonrmuni</em></span> <span class='ocrx_word' id='word_1_539' title='bbox 1633 2705 1784 2770; x_wconf 86' lang='lat' dir='ltr'><em>litterarum</em></span> 
     </span>
     <span class='ocr_line' id='line_1_84' title="bbox 990 2766 1784 2878; baseline 0.064 -63"><span class='ocrx_word' id='word_1_540' title='bbox 990 2766 1135 2835; x_wconf 85' lang='lat' dir='ltr'><em>cautione,</em></span> <span class='ocrx_word' id='word_1_541' title='bbox 1153 2772 1244 2830; x_wconf 88' lang='lat' dir='ltr'><em>nullus</em></span> <span class='ocrx_word' id='word_1_542' title='bbox 1269 2781 1368 2836; x_wconf 85' lang='lat' dir='ltr'><em>a&#39;udcnt</em></span> <span class='ocrx_word' id='word_1_543' title='bbox 1392 2788 1610 2852; x_wconf 66' lang='lat' dir='ltr'><em>retinaculum</em></span> <span class='ocrx_word' id='word_1_544' title='bbox 1635 2813 1724 2860; x_wconf 88' lang='lat' dir='ltr'><em>autem</em></span> <span class='ocrx_word' id='word_1_545' title='bbox 1738 2823 1784 2878; x_wconf 75' lang='lat' dir='ltr'><em>gc—</em></span> 
     </span>
     <span class='ocr_line' id='line_1_85' title="bbox 990 2857 1784 2960; baseline 0.063 -53"><span class='ocrx_word' id='word_1_546' title='bbox 990 2857 1083 2912; x_wconf 85' lang='lat' dir='ltr'><em>neraie</em></span> <span class='ocrx_word' id='word_1_547' title='bbox 1096 2859 1270 2924; x_wconf 86' lang='lat' dir='ltr'><em>interdictum</em></span> <span class='ocrx_word' id='word_1_548' title='bbox 1284 2879 1362 2929; x_wconf 82' lang='lat' dir='ltr'><em>terrae</em></span> <span class='ocrx_word' id='word_1_549' title='bbox 1377 2877 1478 2948; x_wconf 88' lang='lat' dir='ltr'><em>luerit,</em></span> <span class='ocrx_word' id='word_1_550' title='bbox 1492 2881 1572 2941; x_wconf 89' lang='lat' dir='ltr'><em>liceat</em></span> <span class='ocrx_word' id='word_1_551' title='bbox 1599 2894 1686 2960; x_wconf 89' lang='lat' dir='ltr'><em>uobis,</em></span> <span class='ocrx_word' id='word_1_552' title='bbox 1705 2897 1784 2956; x_wconf 83' lang='lat' dir='ltr'><em>clau·</em></span> 
     </span>
     <span class='ocr_line' id='line_1_86' title="bbox 989 2948 1781 3059; baseline 0.061 -57"><span class='ocrx_word' id='word_1_553' title='bbox 989 2948 1149 3020; x_wconf 88' lang='lat' dir='ltr'><em>sisjanuis,</em></span> <span class='ocrx_word' id='word_1_554' title='bbox 1171 2957 1288 3018; x_wconf 84' lang='lat' dir='ltr'><em>exclusis</em></span> <span class='ocrx_word' id='word_1_555' title='bbox 1310 2977 1553 3037; x_wconf 83' lang='lat' dir='ltr'><em>excommunicatis</em></span> <span class='ocrx_word' id='word_1_556' title='bbox 1567 2993 1594 3039; x_wconf 90' lang='lat' dir='ltr'><em>et</em></span> <span class='ocrx_word' id='word_1_557' title='bbox 1616 2983 1781 3059; x_wconf 84' lang='lat' dir='ltr'><em>interdictis.</em></span> 
     </span>
     <span class='ocr_line' id='line_1_87' title="bbox 989 3045 1866 3144; baseline 0.063 -52"><span class='ocrx_word' id='word_1_558' title='bbox 989 3055 1043 3094; x_wconf 91' lang='lat' dir='ltr'><em>uon</em></span> <span class='ocrx_word' id='word_1_559' title='bbox 1069 3045 1184 3113; x_wconf 89' lang='lat' dir='ltr'><em>ptdsatis</em></span> <span class='ocrx_word' id='word_1_560' title='bbox 1208 3059 1368 3126; x_wconf 82' lang='lat' dir='ltr'><em>canrpanis,</em></span> <span class='ocrx_word' id='word_1_561' title='bbox 1399 3080 1544 3136; x_wconf 89' lang='lat' dir='ltr'><em>suppressa</em></span> <span class='ocrx_word' id='word_1_562' title='bbox 1574 3089 1660 3144; x_wconf 83' lang='lat' dir='ltr'><em>soce,</em></span> <span class='ocrx_word' id='word_1_563' title='bbox 1685 3083 1779 3141; x_wconf 86' lang='lat' dir='ltr'><em>diuina</em></span> <span class='ocrx_word' id='word_1_564' title='bbox 1853 3123 1866 3138; x_wconf 65' lang='grc' dir='ltr'>ι</span> 
     </span>
     <span class='ocr_line' id='line_1_88' title="bbox 987 3130 1781 3234; baseline 0.064 -50"><span class='ocrx_word' id='word_1_565' title='bbox 987 3130 1077 3190; x_wconf 83' lang='lat' dir='ltr'><em>officia</em></span> <span class='ocrx_word' id='word_1_566' title='bbox 1102 3138 1253 3198; x_wconf 88' lang='lat' dir='ltr'><em>celebrare.</em></span> <span class='ocrx_word' id='word_1_567' title='bbox 1269 3147 1297 3202; x_wconf 90' lang='lat' dir='ltr'><em>in</em></span> <span class='ocrx_word' id='word_1_568' title='bbox 1320 3156 1521 3219; x_wconf 78' lang='lat' dir='ltr'><em>parochialibus</em></span> <span class='ocrx_word' id='word_1_569' title='bbox 1542 3179 1632 3225; x_wconf 89' lang='lat' dir='ltr'><em>autem</em></span> <span class='ocrx_word' id='word_1_570' title='bbox 1656 3175 1781 3234; x_wconf 85' lang='lat' dir='ltr'><em>eeclesiis</em></span> 
     </span>
     <span class='ocr_line' id='line_1_89' title="bbox 988 3231 1780 3336; baseline 0.058 -56"><span class='ocrx_word' id='word_1_571' title='bbox 988 3241 1058 3294; x_wconf 89' lang='lat' dir='ltr'><em>quas</em></span> <span class='ocrx_word' id='word_1_572' title='bbox 1084 3231 1209 3304; x_wconf 88' lang='lat' dir='ltr'><em>habetis,</em></span> <span class='ocrx_word' id='word_1_573' title='bbox 1239 3239 1322 3297; x_wconf 89' lang='lat' dir='ltr'><em>liceat</em></span> <span class='ocrx_word' id='word_1_574' title='bbox 1346 3246 1425 3303; x_wconf 85' lang='lat' dir='ltr'><em>uobis</em></span> <span class='ocrx_word' id='word_1_575' title='bbox 1448 3259 1606 3316; x_wconf 75' lang='lat' dir='ltr'><em>sacerdotes</em></span> <span class='ocrx_word' id='word_1_576' title='bbox 1627 3265 1728 3336; x_wconf 87' lang='lat' dir='ltr'><em>eligere</em></span> <span class='ocrx_word' id='word_1_577' title='bbox 1751 3282 1780 3325; x_wconf 90' lang='lat' dir='ltr'><em>ct</em></span> 
     </span>
     <span class='ocr_line' id='line_1_90' title="bbox 986 3317 1779 3420; baseline 0.057 -49"><span class='ocrx_word' id='word_1_578' title='bbox 986 3317 1146 3377; x_wconf 71' lang='lat' dir='ltr'><em>diocesano</em></span> <span class='ocrx_word' id='word_1_579' title='bbox 1168 3328 1296 3400; x_wconf 86' lang='lat' dir='ltr'><em>episeopo</em></span> <span class='ocrx_word' id='word_1_580' title='bbox 1318 3347 1493 3404; x_wconf 75' lang='lat' dir='ltr'><em>praesentare.</em></span> <span class='ocrx_word' id='word_1_581' title='bbox 1512 3348 1630 3420; x_wconf 83' lang='lat' dir='ltr'><em>Quibus,</em></span> <span class='ocrx_word' id='word_1_582' title='bbox 1646 3355 1668 3410; x_wconf 89' lang='lat' dir='ltr'><em>si</em></span> <span class='ocrx_word' id='word_1_583' title='bbox 1690 3357 1779 3417; x_wconf 85' lang='lat' dir='ltr'><em>idonei</em></span> 
     </span>
     <span class='ocr_line' id='line_1_91' title="bbox 986 3414 1779 3506; baseline 0.055 -43"><span class='ocrx_word' id='word_1_584' title='bbox 986 3414 1088 3480; x_wconf 87' lang='lat' dir='ltr'><em>reperti</em></span> <span class='ocrx_word' id='word_1_585' title='bbox 1108 3414 1212 3472; x_wconf 88' lang='lat' dir='ltr'><em>luerint</em></span> <span class='ocrx_word' id='word_1_586' title='bbox 1227 3462 1234 3487; x_wconf 92' lang='lat'><em>,</em></span> <span class='ocrx_word' id='word_1_587' title='bbox 1250 3424 1398 3496; x_wconf 87' lang='lat' dir='ltr'><em>episcopus</em></span> <span class='ocrx_word' id='word_1_588' title='bbox 1418 3447 1512 3492; x_wconf 87' lang='lat' dir='ltr'><em>curam</em></span> <span class='ocrx_word' id='word_1_589' title='bbox 1535 3441 1687 3502; x_wconf 75' lang='lat' dir='ltr'><em>ultimarum</em></span> <span class='ocrx_word' id='word_1_590' title='bbox 1705 3465 1779 3506; x_wconf 87' lang='lat' dir='ltr'><em>cont·</em></span> 
     </span>
     <span class='ocr_line' id='line_1_92' title="bbox 986 3502 1777 3604; baseline 0.061 -48"><span class='ocrx_word' id='word_1_591' title='bbox 986 3502 1094 3574; x_wconf 87' lang='lat' dir='ltr'><em>mittat,</em></span> <span class='ocrx_word' id='word_1_592' title='bbox 1113 3519 1142 3565; x_wconf 95' lang='lat' dir='ltr'><em>ut</em></span> <span class='ocrx_word' id='word_1_593' title='bbox 1157 3514 1181 3568; x_wconf 87' lang='lat' dir='ltr'><em>ei</em></span> <span class='ocrx_word' id='word_1_594' title='bbox 1195 3517 1230 3570; x_wconf 87' lang='lat' dir='ltr'><em>de</em></span> <span class='ocrx_word' id='word_1_595' title='bbox 1253 3517 1460 3598; x_wconf 88' lang='lat' dir='ltr'><em>spiritualibus,</em></span> <span class='ocrx_word' id='word_1_596' title='bbox 1478 3531 1553 3590; x_wconf 86' lang='lat' dir='ltr'><em>uobis</em></span> <span class='ocrx_word' id='word_1_597' title='bbox 1573 3551 1638 3594; x_wconf 85' lang='lat' dir='ltr'><em>uero</em></span> <span class='ocrx_word' id='word_1_598' title='bbox 1656 3542 1692 3598; x_wconf 86' lang='lat' dir='ltr'><em>do</em></span> <span class='ocrx_word' id='word_1_599' title='bbox 1707 3553 1777 3604; x_wconf 87' lang='lat' dir='ltr'><em>tem·</em></span> 
     </span>
     <span class='ocr_line' id='line_1_93' title="bbox 984 3589 1447 3686; baseline 0.06 -37"><span class='ocrx_word' id='word_1_600' title='bbox 984 3601 1126 3668; x_wconf 82' lang='lat' dir='ltr'><em>pacalibus</em></span> <span class='ocrx_word' id='word_1_601' title='bbox 1139 3589 1257 3664; x_wconf 80' lang='lat' dir='ltr'><em>dcircant</em></span> <span class='ocrx_word' id='word_1_602' title='bbox 1273 3618 1447 3686; x_wconf 83' lang='lat' dir='ltr'><em>respondere.</em></span> 
     </span>
    </p>

    <p class='ocr_par' dir='ltr' id='par_1_16' title="bbox 979 3689 1774 4442">
     <span class='ocr_line' id='line_1_94' title="bbox 1019 3689 1774 3790; baseline 0.064 -47"><span class='ocrx_word' id='word_1_603' title='bbox 1019 3689 1155 3753; x_wconf 76' lang='lat' dir='ltr'><em>ureteras</em></span> <span class='ocrx_word' id='word_1_604' title='bbox 1171 3696 1313 3762; x_wconf 86' lang='lat' dir='ltr'><em>libertates</em></span> <span class='ocrx_word' id='word_1_605' title='bbox 1328 3719 1356 3763; x_wconf 90' lang='lat' dir='ltr'><em>et</em></span> <span class='ocrx_word' id='word_1_606' title='bbox 1372 3709 1559 3777; x_wconf 89' lang='lat' dir='ltr'><em>immunitates</em></span> <span class='ocrx_word' id='word_1_607' title='bbox 1581 3725 1659 3784; x_wconf 85' lang='lat' dir='ltr'><em>robis</em></span> <span class='ocrx_word' id='word_1_608' title='bbox 1672 3739 1700 3786; x_wconf 86' lang='lat' dir='ltr'><em>et</em></span> <span class='ocrx_word' id='word_1_609' title='bbox 1714 3749 1774 3790; x_wconf 91' lang='lat' dir='ltr'><em>ma·</em></span> 
     </span>
     <span class='ocr_line' id='line_1_95' title="bbox 984 3785 1774 3888; baseline 0.061 -51"><span class='ocrx_word' id='word_1_610' title='bbox 984 3785 1106 3842; x_wconf 86' lang='lat' dir='ltr'><em>austerio</em></span> <span class='ocrx_word' id='word_1_611' title='bbox 1119 3799 1209 3848; x_wconf 87' lang='lat' dir='ltr'><em>uestro</em></span> <span class='ocrx_word' id='word_1_612' title='bbox 1221 3809 1387 3868; x_wconf 86' lang='lat' dir='ltr'><em>concessas,</em></span> <span class='ocrx_word' id='word_1_613' title='bbox 1402 3821 1452 3862; x_wconf 87' lang='lat' dir='ltr'><em>uec</em></span> <span class='ocrx_word' id='word_1_614' title='bbox 1465 3825 1518 3864; x_wconf 91' lang='lat' dir='ltr'><em>nou</em></span> <span class='ocrx_word' id='word_1_615' title='bbox 1540 3818 1668 3888; x_wconf 88' lang='lat' dir='ltr'><em>antiquas</em></span> <span class='ocrx_word' id='word_1_616' title='bbox 1687 3833 1715 3880; x_wconf 89' lang='lat' dir='ltr'><em>et</em></span> <span class='ocrx_word' id='word_1_617' title='bbox 1728 3842 1774 3883; x_wconf 86' lang='lat' dir='ltr'><em>ra-</em></span> 
     </span>
     <span class='ocr_line' id='line_1_96' title="bbox 985 3875 1774 3982; baseline 0.065 -54"><span class='ocrx_word' id='word_1_618' title='bbox 985 3875 1130 3936; x_wconf 87' lang='lat' dir='ltr'><em>tionabiles</em></span> <span class='ocrx_word' id='word_1_619' title='bbox 1142 3893 1354 3950; x_wconf 88' lang='lat' dir='ltr'><em>consuetudines</em></span> <span class='ocrx_word' id='word_1_620' title='bbox 1367 3897 1499 3957; x_wconf 85' lang='lat' dir='ltr'><em>hactenns</em></span> <span class='ocrx_word' id='word_1_621' title='bbox 1513 3909 1684 3982; x_wconf 83' lang='lat' dir='ltr'><em>observatas,</em></span> <span class='ocrx_word' id='word_1_622' title='bbox 1698 3931 1774 3978; x_wconf 85' lang='lat' dir='ltr'><em>ratas</em></span> 
     </span>
     <span class='ocr_line' id='line_1_97' title="bbox 982 3965 1773 4066; baseline 0.052 -44"><span class='ocrx_word' id='word_1_623' title='bbox 982 3965 1114 4026; x_wconf 88' lang='lat' dir='ltr'><em>ltabcmus</em></span> <span class='ocrx_word' id='word_1_624' title='bbox 1125 3981 1152 4028; x_wconf 89' lang='lat' dir='ltr'><em>ot</em></span> <span class='ocrx_word' id='word_1_625' title='bbox 1164 3991 1210 4034; x_wconf 90' lang='lat' dir='ltr'><em>eas</em></span> <span class='ocrx_word' id='word_1_626' title='bbox 1225 3977 1323 4038; x_wconf 85' lang='lat' dir='ltr'><em>lutttris</em></span> <span class='ocrx_word' id='word_1_627' title='bbox 1345 3991 1514 4058; x_wconf 86' lang='lat' dir='ltr'><em>terttporibus</em></span> <span class='ocrx_word' id='word_1_628' title='bbox 1530 3996 1650 4058; x_wconf 89' lang='lat' dir='ltr'><em>illibatas</em></span> <span class='ocrx_word' id='word_1_629' title='bbox 1662 4021 1773 4066; x_wconf 85' lang='lat' dir='ltr'><em>manere</em></span> 
     </span>
     <span class='ocr_line' id='line_1_98' title="bbox 981 4061 1771 4158; baseline 0.062 -48"><span class='ocrx_word' id='word_1_630' title='bbox 981 4061 1130 4120; x_wconf 87' lang='lat' dir='ltr'><em>sancimus.</em></span> <span class='ocrx_word' id='word_1_631' title='bbox 1147 4065 1321 4136; x_wconf 80' lang='lat' dir='ltr'><em>sepulturam</em></span> <span class='ocrx_word' id='word_1_632' title='bbox 1333 4091 1443 4147; x_wconf 87' lang='lat' dir='ltr'><em>quoque</em></span> <span class='ocrx_word' id='word_1_633' title='bbox 1454 4084 1574 4150; x_wconf 77' lang='lat' dir='ltr'><em>eiusdem</em></span> <span class='ocrx_word' id='word_1_634' title='bbox 1589 4091 1641 4150; x_wconf 91' lang='lat' dir='ltr'><em>loci</em></span> <span class='ocrx_word' id='word_1_635' title='bbox 1655 4095 1771 4158; x_wconf 86' lang='lat' dir='ltr'><em>liberam</em></span> 
     </span>
     <span class='ocr_line' id='line_1_99' title="bbox 980 4152 1771 4252; baseline 0.063 -49"><span class='ocrx_word' id='word_1_636' title='bbox 980 4160 1041 4204; x_wconf 84' lang='lat' dir='ltr'><em>esse</em></span> <span class='ocrx_word' id='word_1_637' title='bbox 1063 4152 1248 4226; x_wconf 86' lang='lat' dir='ltr'><em>decernimus,</em></span> <span class='ocrx_word' id='word_1_638' title='bbox 1263 4175 1293 4217; x_wconf 91' lang='lat' dir='ltr'><em>ut</em></span> <span class='ocrx_word' id='word_1_639' title='bbox 1317 4179 1411 4225; x_wconf 86' lang='lat' dir='ltr'><em>eornm</em></span> <span class='ocrx_word' id='word_1_640' title='bbox 1434 4175 1571 4234; x_wconf 83' lang='lat' dir='ltr'><em>deuotioni</em></span> <span class='ocrx_word' id='word_1_641' title='bbox 1599 4193 1627 4240; x_wconf 90' lang='lat' dir='ltr'><em>ct</em></span> <span class='ocrx_word' id='word_1_642' title='bbox 1642 4201 1771 4252; x_wconf 82' lang='lat' dir='ltr'><em>extremas</em></span> 
     </span>
     <span class='ocr_line' id='line_1_100' title="bbox 979 4238 1770 4353; baseline 0.067 -62"><span class='ocrx_word' id='word_1_643' title='bbox 979 4238 1130 4310; x_wconf 81' lang='lat' dir='ltr'><em>uoluntati,</em></span> <span class='ocrx_word' id='word_1_644' title='bbox 1154 4250 1201 4316; x_wconf 89' lang='lat' dir='ltr'><em>qui</em></span> <span class='ocrx_word' id='word_1_645' title='bbox 1224 4267 1254 4307; x_wconf 83' lang='lat' dir='ltr'><em>sc</em></span> <span class='ocrx_word' id='word_1_646' title='bbox 1272 4255 1328 4312; x_wconf 87' lang='lat' dir='ltr'><em>illic</em></span> <span class='ocrx_word' id='word_1_647' title='bbox 1351 4263 1460 4332; x_wconf 86' lang='lat' dir='ltr'><em>sepeliri</em></span> <span class='ocrx_word' id='word_1_648' title='bbox 1480 4269 1704 4353; x_wconf 81' lang='lat' dir='ltr'><em>deliberaverint,</em></span> <span class='ocrx_word' id='word_1_649' title='bbox 1718 4288 1770 4345; x_wconf 90' lang='lat' dir='ltr'><em>nisi</em></span> 
     </span>
     <span class='ocr_line' id='line_1_101' title="bbox 979 4329 1770 4442; baseline 0.059 -59"><span class='ocrx_word' id='word_1_650' title='bbox 979 4329 1049 4391; x_wconf 83' lang='lat' dir='ltr'><em>latta</em></span> <span class='ocrx_word' id='word_1_651' title='bbox 1069 4343 1298 4403; x_wconf 82' lang='lat' dir='ltr'><em>excommunicati</em></span> <span class='ocrx_word' id='word_1_652' title='bbox 1317 4351 1361 4408; x_wconf 87' lang='lat' dir='ltr'><em>rel</em></span> <span class='ocrx_word' id='word_1_653' title='bbox 1375 4355 1514 4420; x_wconf 88' lang='lat' dir='ltr'><em>interdicti</em></span> <span class='ocrx_word' id='word_1_654' title='bbox 1533 4367 1605 4438; x_wconf 89' lang='lat' dir='ltr'><em>sint,</em></span> <span class='ocrx_word' id='word_1_655' title='bbox 1620 4374 1710 4433; x_wconf 88' lang='lat' dir='ltr'><em>nulius</em></span> <span class='ocrx_word' id='word_1_656' title='bbox 1721 4381 1770 4442; x_wconf 61' lang='lat' dir='ltr'><em>oh„</em></span> 
     </span>
    </p>
   </div>
   <div class='ocr_carea' id='block_1_13' title="bbox 981 4424 1767 4528">
    <p class='ocr_par' dir='ltr' id='par_1_17' title="bbox 981 4424 1767 4528">
     <span class='ocr_line' id='line_1_102' title="bbox 981 4424 1767 4528; baseline 0.065 -50"><span class='ocrx_word' id='word_1_657' title='bbox 981 4424 1078 4494; x_wconf 88' lang='lat' dir='ltr'><em>sistat,</em></span> <span class='ocrx_word' id='word_1_658' title='bbox 1100 4431 1175 4488; x_wconf 87' lang='lat' dir='ltr'><em>salua</em></span> <span class='ocrx_word' id='word_1_659' title='bbox 1198 4445 1287 4495; x_wconf 88' lang='lat' dir='ltr'><em>tamen</em></span> <span class='ocrx_word' id='word_1_660' title='bbox 1308 4441 1413 4512; x_wconf 83' lang='lat' dir='ltr'><em>justitia</em></span> <span class='ocrx_word' id='word_1_661' title='bbox 1433 4449 1540 4512; x_wconf 89' lang='lat' dir='ltr'><em>illarum</em></span> <span class='ocrx_word' id='word_1_662' title='bbox 1556 4463 1767 4528; x_wconf 83' lang='lat' dir='ltr'><em>ecclesiaranta</em></span> 
     </span>
    </p>
   </div>
   <div class='ocr_carea' id='block_1_14' title="bbox 937 4515 1588 4612">
    <p class='ocr_par' dir='ltr' id='par_1_18' title="bbox 937 4515 1588 4612">
     <span class='ocr_line' id='line_1_103' title="bbox 937 4515 1588 4612; baseline 0.069 -48"><span class='ocrx_word' id='word_1_663' title='bbox 937 4539 963 4600; x_wconf 70' lang='lat' dir='ltr'>D</span> <span class='ocrx_word' id='word_1_664' title='bbox 979 4515 1077 4586; x_wconf 90' lang='lat' dir='ltr'><em>quibus</em></span> <span class='ocrx_word' id='word_1_665' title='bbox 1089 4529 1259 4584; x_wconf 88' lang='lat' dir='ltr'><em>mortuorum</em></span> <span class='ocrx_word' id='word_1_666' title='bbox 1273 4545 1389 4603; x_wconf 88' lang='lat' dir='ltr'><em>corpora</em></span> <span class='ocrx_word' id='word_1_667' title='bbox 1401 4553 1588 4612; x_wconf 86' lang='lat' dir='ltr'><em>assumuntur.</em></span> 
     </span>
    </p>
   </div>
   <div class='ocr_carea' id='block_1_15' title="bbox 973 4604 1849 4812">
    <p class='ocr_par' dir='ltr' id='par_1_19' title="bbox 973 4604 1849 4812">
     <span class='ocr_line' id='line_1_104' title="bbox 1010 4604 1849 4714; baseline 0.076 -56"><span class='ocrx_word' id='word_1_668' title='bbox 1010 4604 1190 4671; x_wconf 80' lang='lat' dir='ltr'><em>Decernimus</em></span> <span class='ocrx_word' id='word_1_669' title='bbox 1201 4632 1265 4687; x_wconf 84' lang='lat' dir='ltr'><em>ergo</em></span> <span class='ocrx_word' id='word_1_670' title='bbox 1278 4633 1307 4678; x_wconf 93' lang='lat' dir='ltr'><em>ut</em></span> <span class='ocrx_word' id='word_1_671' title='bbox 1321 4626 1386 4685; x_wconf 90' lang='lat' dir='ltr'><em>nulli</em></span> <span class='ocrx_word' id='word_1_672' title='bbox 1400 4635 1514 4697; x_wconf 86' lang='lat' dir='ltr'><em>omniuo</em></span> <span class='ocrx_word' id='word_1_673' title='bbox 1530 4642 1671 4707; x_wconf 85' lang='lat' dir='ltr'><em>hominum</em></span> <span class='ocrx_word' id='word_1_674' title='bbox 1682 4653 1764 4714; x_wconf 88' lang='lat' dir='ltr'><em>liceat</em></span> <span class='ocrx_word' id='word_1_675' title='bbox 1845 4643 1849 4653; x_wconf 47' lang='lat'>¹</span> 
     </span>
     <span class='ocr_line' id='line_1_105' title="bbox 973 4696 1764 4812; baseline 0.075 -66"><span class='ocrx_word' id='word_1_676' title='bbox 973 4696 1115 4763; x_wconf 79' lang='lat' dir='ltr'><em>prelatum</em></span> <span class='ocrx_word' id='word_1_677' title='bbox 1147 4713 1344 4772; x_wconf 87' lang='lat' dir='ltr'><em>rnouasterium</em></span> <span class='ocrx_word' id='word_1_678' title='bbox 1381 4732 1483 4786; x_wconf 86' lang='lat' dir='ltr'><em>temero</em></span> <span class='ocrx_word' id='word_1_679' title='bbox 1511 4739 1688 4812; x_wconf 87' lang='lat' dir='ltr'><em>perturbare,</em></span> <span class='ocrx_word' id='word_1_680' title='bbox 1715 4761 1764 4807; x_wconf 82' lang='lat' dir='ltr'><em>arnt</em></span> 
     </span>
    </p>
   </div>
   <div class='ocr_carea' id='block_1_16' title="bbox 963 4783 1764 5826">
    <p class='ocr_par' dir='ltr' id='par_1_20' title="bbox 963 4783 1764 5826">
     <span class='ocr_line' id='line_1_106' title="bbox 972 4783 1764 4907; baseline 0.074 -69"><span class='ocrx_word' id='word_1_681' title='bbox 972 4783 1032 4854; x_wconf 76' lang='lat' dir='ltr'><em>eius</em></span> <span class='ocrx_word' id='word_1_682' title='bbox 1046 4797 1231 4859; x_wconf 88' lang='lat' dir='ltr'><em>possessiones</em></span> <span class='ocrx_word' id='word_1_683' title='bbox 1250 4807 1368 4878; x_wconf 85' lang='lat' dir='ltr'><em>attlerre,</em></span> <span class='ocrx_word' id='word_1_684' title='bbox 1386 4818 1426 4871; x_wconf 86' lang='lat' dir='ltr'><em>rol</em></span> <span class='ocrx_word' id='word_1_685' title='bbox 1444 4821 1550 4884; x_wconf 87' lang='lat' dir='ltr'><em>ablatas</em></span> <span class='ocrx_word' id='word_1_686' title='bbox 1569 4833 1698 4907; x_wconf 86' lang='lat' dir='ltr'><em>retinere,</em></span> <span class='ocrx_word' id='word_1_687' title='bbox 1714 4841 1764 4896; x_wconf 84' lang='lat' dir='ltr'><em>itu-</em></span> 
     </span>
     <span class='ocr_line' id='line_1_107' title="bbox 974 4881 1761 5002; baseline 0.081 -70"><span class='ocrx_word' id='word_1_688' title='bbox 974 4881 1099 4941; x_wconf 88' lang='lat' dir='ltr'><em>minnere</em></span> <span class='ocrx_word' id='word_1_689' title='bbox 1116 4903 1162 4945; x_wconf 92' lang='lat' dir='ltr'><em>seu</em></span> <span class='ocrx_word' id='word_1_690' title='bbox 1180 4895 1346 4962; x_wconf 85' lang='lat' dir='ltr'><em>quibuslibet</em></span> <span class='ocrx_word' id='word_1_691' title='bbox 1360 4915 1550 4981; x_wconf 86' lang='lat' dir='ltr'><em>uexationibus</em></span> <span class='ocrx_word' id='word_1_692' title='bbox 1563 4924 1696 5002; x_wconf 78' lang='lat' dir='ltr'><em>fatigare,</em></span> <span class='ocrx_word' id='word_1_693' title='bbox 1713 4943 1761 4995; x_wconf 80' lang='lat' dir='ltr'><em>sud</em></span> 
     </span>
     <span class='ocr_line' id='line_1_108' title="bbox 971 4975 1759 5097; baseline 0.079 -73"><span class='ocrx_word' id='word_1_694' title='bbox 971 4975 1062 5029; x_wconf 89' lang='lat' dir='ltr'><em>omnia</em></span> <span class='ocrx_word' id='word_1_695' title='bbox 1090 4977 1197 5054; x_wconf 87' lang='lat' dir='ltr'><em>integra</em></span> <span class='ocrx_word' id='word_1_696' title='bbox 1229 5006 1426 5059; x_wconf 83' lang='lat' dir='ltr'><em>conserventur</em></span> <span class='ocrx_word' id='word_1_697' title='bbox 1454 5025 1566 5084; x_wconf 90' lang='lat' dir='ltr'><em>eorum,</em></span> <span class='ocrx_word' id='word_1_698' title='bbox 1582 5035 1759 5097; x_wconf 89' lang='lat' dir='ltr'><em>proquorum</em></span> 
     </span>
     <span class='ocr_line' id='line_1_109' title="bbox 970 5065 1760 5178; baseline 0.078 -62"><span class='ocrx_word' id='word_1_699' title='bbox 970 5065 1212 5136; x_wconf 76' lang='lat' dir='ltr'><em>gubernationem</em></span> <span class='ocrx_word' id='word_1_700' title='bbox 1224 5095 1422 5154; x_wconf 87' lang='lat' dir='ltr'><em>sustentatione</em></span> <span class='ocrx_word' id='word_1_701' title='bbox 1435 5115 1563 5163; x_wconf 87' lang='lat' dir='ltr'><em>concessa</em></span> <span class='ocrx_word' id='word_1_702' title='bbox 1577 5125 1652 5178; x_wconf 87' lang='lat' dir='ltr'><em>suttt,</em></span> <span class='ocrx_word' id='word_1_703' title='bbox 1665 5121 1760 5178; x_wconf 90' lang='lat' dir='ltr'><em>usibus</em></span> 
     </span>
     <span class='ocr_line' id='line_1_110' title="bbox 969 5160 1759 5268; baseline 0.076 -59"><span class='ocrx_word' id='word_1_704' title='bbox 969 5160 1137 5222; x_wconf 85' lang='lat' dir='ltr'><em>atttrtimodis</em></span> <span class='ocrx_word' id='word_1_705' title='bbox 1153 5173 1308 5250; x_wconf 86' lang='lat' dir='ltr'><em>prolatura,</em></span> <span class='ocrx_word' id='word_1_706' title='bbox 1325 5187 1399 5244; x_wconf 81' lang='lat' dir='ltr'><em>solra</em></span> <span class='ocrx_word' id='word_1_707' title='bbox 1413 5196 1485 5250; x_wconf 79' lang='lat' dir='ltr'><em>sedis</em></span> <span class='ocrx_word' id='word_1_708' title='bbox 1500 5203 1654 5268; x_wconf 81' lang='lat' dir='ltr'><em>apostolice</em></span> <span class='ocrx_word' id='word_1_709' title='bbox 1666 5223 1759 5268; x_wconf 73' lang='lat' dir='ltr'><em>auczv-</em></span> 
     </span>
     <span class='ocr_line' id='line_1_111' title="bbox 969 5248 1758 5365; baseline 0.074 -63"><span class='ocrx_word' id='word_1_710' title='bbox 969 5248 1065 5322; x_wconf 89' lang='lat' dir='ltr'><em>ritate,</em></span> <span class='ocrx_word' id='word_1_711' title='bbox 1080 5268 1107 5313; x_wconf 87' lang='lat' dir='ltr'><em>et</em></span> <span class='ocrx_word' id='word_1_712' title='bbox 1129 5261 1277 5325; x_wconf 87' lang='lat' dir='ltr'><em>dioecesani</em></span> <span class='ocrx_word' id='word_1_713' title='bbox 1304 5276 1423 5350; x_wconf 88' lang='lat' dir='ltr'><em>episcopi</em></span> <span class='ocrx_word' id='word_1_714' title='bbox 1450 5290 1580 5346; x_wconf 73' lang='lat' dir='ltr'><em>carsouica</em></span> <span class='ocrx_word' id='word_1_715' title='bbox 1604 5295 1710 5365; x_wconf 80' lang='lat' dir='ltr'><em>justitia</em></span> <span class='ocrx_word' id='word_1_716' title='bbox 1730 5314 1758 5362; x_wconf 89' lang='lat' dir='ltr'><em>et</em></span> 
     </span>
     <span class='ocr_line' id='line_1_112' title="bbox 970 5352 1755 5466; baseline 0.073 -70"><span class='ocrx_word' id='word_1_717' title='bbox 970 5352 1127 5406; x_wconf 87' lang='lat' dir='ltr'><em>stronasterii</em></span> <span class='ocrx_word' id='word_1_718' title='bbox 1148 5355 1242 5416; x_wconf 87' lang='lat' dir='ltr'><em>Sancti</em></span> <span class='ocrx_word' id='word_1_719' title='bbox 1262 5368 1327 5436; x_wconf 83' lang='lat' dir='ltr'><em>Apri</em></span> <span class='ocrx_word' id='word_1_720' title='bbox 1350 5373 1440 5429; x_wconf 89' lang='lat' dir='ltr'><em>debita</em></span> <span class='ocrx_word' id='word_1_721' title='bbox 1466 5391 1629 5446; x_wconf 83' lang='lat' dir='ltr'><em>reuerentia.</em></span> <span class='ocrx_word' id='word_1_722' title='bbox 1649 5389 1679 5448; x_wconf 82' lang='lat' dir='ltr'><em>st</em></span> <span class='ocrx_word' id='word_1_723' title='bbox 1703 5411 1755 5466; x_wconf 86' lang='lat' dir='ltr'><em>qua</em></span> 
     </span>
     <span class='ocr_line' id='line_1_113' title="bbox 967 5431 1755 5555; baseline 0.079 -70"><span class='ocrx_word' id='word_1_724' title='bbox 967 5431 1052 5503; x_wconf 85' lang='lat' dir='ltr'><em>igitur</em></span> <span class='ocrx_word' id='word_1_725' title='bbox 1063 5443 1090 5494; x_wconf 91' lang='lat' dir='ltr'><em>iu</em></span> <span class='ocrx_word' id='word_1_726' title='bbox 1107 5444 1228 5508; x_wconf 86' lang='lat' dir='ltr'><em>laturum</em></span> <span class='ocrx_word' id='word_1_727' title='bbox 1244 5461 1431 5522; x_wconf 74' lang='lat' dir='ltr'><em>ecelesiastica</em></span> <span class='ocrx_word' id='word_1_728' title='bbox 1453 5477 1755 5555; x_wconf 77' lang='lat' dir='ltr'><em>saecularisvepersona</em></span> 
     </span>
     <span class='ocr_line' id='line_1_114' title="bbox 965 5527 1752 5640; baseline 0.075 -59"><span class='ocrx_word' id='word_1_729' title='bbox 965 5527 1040 5586; x_wconf 82' lang='lat' dir='ltr'><em>lianc</em></span> <span class='ocrx_word' id='word_1_730' title='bbox 1065 5545 1166 5596; x_wconf 75' lang='lat' dir='ltr'><em>nostrae</em></span> <span class='ocrx_word' id='word_1_731' title='bbox 1180 5551 1384 5612; x_wconf 89' lang='lat' dir='ltr'><em>eottstitutionis</em></span> <span class='ocrx_word' id='word_1_732' title='bbox 1405 5563 1532 5632; x_wconf 88' lang='lat' dir='ltr'><em>paginam</em></span> <span class='ocrx_word' id='word_1_733' title='bbox 1552 5573 1644 5633; x_wconf 87' lang='lat' dir='ltr'><em>sciens</em></span> <span class='ocrx_word' id='word_1_734' title='bbox 1657 5592 1752 5640; x_wconf 80' lang='lat' dir='ltr'><em>cosdra</em></span> 
     </span>
     <span class='ocr_line' id='line_1_115' title="bbox 965 5635 1750 5732; baseline 0.07 -57"><span class='ocrx_word' id='word_1_735' title='bbox 965 5635 1026 5678; x_wconf 89' lang='lat' dir='ltr'><em>eant</em></span> <span class='ocrx_word' id='word_1_736' title='bbox 1051 5635 1153 5688; x_wconf 88' lang='lat' dir='ltr'><em>temere</em></span> <span class='ocrx_word' id='word_1_737' title='bbox 1176 5639 1271 5696; x_wconf 89' lang='lat' dir='ltr'><em>venire</em></span> <span class='ocrx_word' id='word_1_738' title='bbox 1300 5653 1463 5721; x_wconf 82' lang='lat' dir='ltr'><em>tentaterit,</em></span> <span class='ocrx_word' id='word_1_739' title='bbox 1485 5663 1607 5721; x_wconf 87' lang='lat' dir='ltr'><em>secundo</em></span> <span class='ocrx_word' id='word_1_740' title='bbox 1636 5673 1750 5732; x_wconf 87' lang='lat' dir='ltr'><em>tertioue</em></span> 
     </span>
     <span class='ocr_line' id='line_1_116' title="bbox 963 5721 1750 5826; baseline 0.065 -59"><span class='ocrx_word' id='word_1_741' title='bbox 963 5721 1149 5793; x_wconf 85' lang='lat' dir='ltr'><em>commonitu,</em></span> <span class='ocrx_word' id='word_1_742' title='bbox 1181 5731 1234 5785; x_wconf 90' lang='lat' dir='ltr'><em>nisi</em></span> <span class='ocrx_word' id='word_1_743' title='bbox 1261 5745 1366 5793; x_wconf 89' lang='lat' dir='ltr'><em>reatum</em></span> <span class='ocrx_word' id='word_1_744' title='bbox 1392 5757 1470 5802; x_wconf 88' lang='lat' dir='ltr'><em>sunm</em></span> <span class='ocrx_word' id='word_1_745' title='bbox 1495 5765 1616 5826; x_wconf 88' lang='lat' dir='ltr'><em>cottgrua</em></span> <span class='ocrx_word' id='word_1_746' title='bbox 1640 5763 1750 5820; x_wconf 58' lang='lat' dir='ltr'><em>satisiar</em></span> 
     </span>
    </p>
   </div>
   <div class='ocr_carea' id='block_1_17' title="bbox 963 5809 1749 5920">
    <p class='ocr_par' dir='ltr' id='par_1_21' title="bbox 963 5809 1749 5920">
     <span class='ocr_line' id='line_1_117' title="bbox 963 5809 1749 5920; baseline 0.062 -53"><span class='ocrx_word' id='word_1_747' title='bbox 963 5809 1054 5870; x_wconf 82' lang='lat' dir='ltr'><em>stivae</em></span> <span class='ocrx_word' id='word_1_748' title='bbox 1067 5823 1228 5892; x_wconf 84' lang='lat' dir='ltr'><em>eorrexerit,</em></span> <span class='ocrx_word' id='word_1_749' title='bbox 1244 5833 1387 5902; x_wconf 87' lang='lat' dir='ltr'><em>potcstatis</em></span> <span class='ocrx_word' id='word_1_750' title='bbox 1405 5837 1572 5920; x_wconf 85' lang='lat' dir='ltr'><em>honorisque</em></span> <span class='ocrx_word' id='word_1_751' title='bbox 1592 5855 1633 5913; x_wconf 89' lang='lat' dir='ltr'><em>sui</em></span> <span class='ocrx_word' id='word_1_752' title='bbox 1655 5869 1749 5917; x_wconf 87' lang='lat' dir='ltr'><em>careat</em></span> 
     </span>
    </p>
   </div>
   <div class='ocr_carea' id='block_1_18' title="bbox 0 0 2068 6334">
    <p class='ocr_par' dir='ltr' id='par_1_22' title="bbox 0 0 2068 6334">
     <span class='ocr_line' id='line_1_118' title="bbox 0 0 2068 6334; baseline 0 7"><span class='ocrx_word' id='word_1_753' title='bbox 0 0 2068 6334; x_wconf 95' lang='lat' dir='ltr'><em> </em></span> 
     </span>
    </p>
   </div>
  </div>
 </body>
</html>
