4125 6334
279 295 329 356 etl

283 511 353 565 Dens
379 519 425 574 per
439 505 524 572 ipsum
549 503 609 566 post
634 492 719 561 ipsius
743 486 846 543 obitum
867 483 1000 551 operatus
1015 483 1067 535 est,

283 599 395 654 collecta
407 603 470 650 sunt
494 586 610 643 itdcliter
624 593 651 638 ct
671 583 778 637 redacta
796 579 822 632 in
836 575 980 643 seriptum,
998 565 1070 636 quod

284 688 430 743 urnltornm
443 678 599 737 testimonio
616 672 836 731 commendatum
852 663 1073 722 reddinmseom·

284 776 444 847 probatnm3
459 785 519 826 cnm
537 767 570 823 de
586 767 627 821 liis
640 779 689 835 per
703 774 816 832 magnas
829 765 857 812 et
868 755 995 810 ltoncstos
1011 763 1072 817 per·

284 879 375 927 sonas,
392 870 422 916 ut
435 859 548 915 decebat
565 857 634 920 iteri,
648 855 734 910 simus
751 848 848 906 redditi
864 845 1007 906 certiores,
1026 855 1072 892 sn-

284 956 410 1028 prndiciae
427 949 550 1025 petitioni
572 947 661 1013 uoltis,
687 955 841 1015 quanquam
867 935 1020 1001 immeritis,
1046 933 1072 986 in

285 1047 348 1104 sede
374 1041 520 1116 apostoliea
549 1033 742 1097 residentibus,
772 1033 835 1086 item
860 1029 894 1082 od
923 1025 1074 1082 Romanam

287 1137 436 1194 Ecclesiam
450 1133 605 1191 detineto.
619 1128 771 1198 prebentes
784 1135 938 1180 assensum.
951 1132 1004 1172 non
1021 1125 1075 1168 tnm

267 1229 336 1299 'pro
349 1209 496 1298 supradicti
514 1220 617 1277 ordinis
639 1215 804 1278 reverentia,
828 1212 871 1268 cui
892 1211 1010 1264 lilremer
1026 1221 1075 1260 oc·

289 1325 429 1394 qrdcstcre
457 1313 639 1387 disposuimus
668 1310 696 1364 in
720 1306 847 1363 omnibns
868 1303 921 1373 piis
945 1309 973 1355 ct
995 1297 1077 1368 justis

289 1409 526 1487 postulationibus,
542 1419 621 1474 qnam
635 1415 685 1472 pro
700 1399 786 1470 qloria
800 1394 906 1452 Domini
919 1391 1075 1453 dilatanda;

287 1506 342 1575 jum
357 1501 462 1559 dictum
479 1494 681 1552 trternoralrilem
706 1490 806 1553 tirum,
819 1488 853 1542 tle
871 1480 1008 1540 communi
1024 1479 1078 1533 ira·

292 1585 362 1651 triam
380 1593 500 1647 meorum
517 1578 883 1648 consilimcnnonizorimus.
895 1583 922 1630 et
934 1572 1078 1628 canoniza-

292 1697 347 1740 unn
360 1683 493 1739 otritersae
510 1675 638 1734 Ecclesiae
651 1675 696 1729 liei
712 1688 759 1742 per
773 1669 874 1738 scripta
887 1664 959 1721 sedis
971 1670 1079 1731 onusto-

291 1775 349 1830 lictc
363 1771 532 1837 nuntiamus,
559 1775 708 1822 stntttrntcs
721 1771 749 1816 nt
764 1761 791 1815 in
807 1757 941 1814 universis
953 1753 1078 1811 eeclesiis

291 1881 340 1920 srn
355 1861 529 1918 nrorrostcriis
542 1858 640 1912 rostris
653 1856 737 1925 ipsius
757 1851 880 1923 gloriosi,
902 1846 988 1902 sancti
1004 1845 1081 1898 vide·

293 1957 356 2012 licet
368 1953 452 2018 Petri,
472 1953 609 2021 qnondam
631 1943 851 2000 Torcutasiensis
870 1936 1080 2006 archiepiscopi,

295 2045 447 2103 reiteranda
465 2041 595 2097 memoria
619 2036 734 2101 sinqnlis
755 2033 845 2100 annis,
858 2031 940 2086 tertio
954 2029 1017 2083 ltlus
1033 2027 1083 2080 Se·

294 2137 435 2206 meinimis,
459 2147 513 2203 qno
540 2131 687 2201 gloriosum
708 2141 807 2194 eorpus
831 2125 888 2192 ejus
913 2121 965 2176 init
987 2121 1021 2174 de
1037 2132 1084 2174 se·

295 2227 388 2297 pulcro
403 2241 464 2283 enm
476 2225 519 2296 pia
538 2223 681 2277 deuotione
695 2220 825 2282 leuatum,
842 2213 1000 2270 solemniter
1012 2208 1084 2265 eele-

297 2321 399 2374 luetur.

332 2411 428 2464 llattrm
441 2407 533 2463 llomac
544 2407 614 2476 apud
628 2403 757 2459 Sanctum
769 2399 891 2460 Petrum,
900 2411 926 2450 rr
937 2393 999 2449 ldos
1009 2391 1084 2456 llnii,

297 2505 471 2576 qmmiitcatns
495 2502 579 2557 nostri
602 2498 788 2567 comprimo,
808 2489 1007 2547 incarnationis
1020 2499 1086 2541 tero

301 2597 446 2655 notorium
460 2611 532 2650 nuttu
548 2593 628 2648 ttet.

670 2705 713 2760 ll'.

301 2845 426 2898 dilatem
454 2851 479 2898 et
512 2847 667 2895 contentum
697 2829 890 2889 Bello-loliis
924 2829 958 2882 cle
988 2824 1106 2887 Petro,-

337 2913 469 2983 qnontloor
482 2901 675 2974 archiepiscopo
692 2901 1087 2964 l'arenttrtiertsi,iusurrctoturst

339 2999 476 3036 metuerunt
490 2979 574 3034 reluta
593 2975 728 3031 certiorem
744 2971 821 3042 [neit.

435 3107 553 3178 (Rome,
569 3119 612 3174 ap.
637 3103 667 3160 S.
685 3101 806 3166 Petmm,
822 3099 883 3154 limi
900 3096 954 3168 tu)

489 3237 567 3314 [dcte
581 3235 647 3304 SS..
661 3235 724 3291 stau
741 3244 761 3291 t.
781 3233 812 3299 ll,
828 3231 902 3304 etet

332 3377 521 3434 -ceccermm
550 3373 712 3444 episcopus,
736 3379 833 3423 sertus
857 3374 996 3416 serr-ormo
1026 3358 1090 3422 illst,

304 3470 409 3526 ddecus
432 3468 493 3522 stliis
508 3463 599 3519 altisati
610 3472 638 3517 ct
652 3463 799 3516 cortrcntnl
813 3451 1004 3516 liettoldtis,
1017 3449 1093 3504 sain·

284 3579 286 3584 ¹
304 3569 358 3614 tem
377 3569 404 3613 et
422 3553 599 3624 apostolicam
615 3549 846 3606 benedictionem.

338 3645 544 3706 liirimelaudis
568 3641 680 3714 gloriam
700 3640 773 3694 eirea
795 3633 1009 3692 sacratissimam
1029 3643 1092 3686 san·

306 3751 414 3798 ciorum
430 3736 589 3792 memoriam
614 3730 749 3786 ninivensis
777 3725 936 3782 mortalibus
956 3721 1092 3778 admiran-

305 3832 380 3894 dam,
391 3838 456 3891 ote..
469 3826 536 3880 sicet
548 3837 638 3892 cupro,
653 3834 734 3889 usquc
744 3830 753 3869 :
763 3817 919 3872 statuentes
927 3821 957 3867 nt
969 3811 995 3866 ln
1004 3817 1095 3866 restro

304 3931 338 3978 et
349 3921 375 3976 in
387 3916 523 3972 uttirersis
534 3912 618 3968 uestri
631 3909 737 3967 ordinis
750 3905 923 3964 monasteriis
936 3902 1022 3972 ipsius
1038 3897 1095 3969 qlo-

287 4040 293 4050 -
308 4009 388 4076 rioci,
400 4005 487 4062 saneti
503 4002 629 4058 uidelicet
642 4000 728 4062 Petri.
745 3989 1094 4066 qnondami'arentssicn·

307 4102 347 4157 sis
359 4093 557 4164 archiepiscopi
571 4089 727 4147 ueneranda
745 4083 874 4142 memoria
890 4081 1004 4152 singolis
1017 4080 1096 4134 annis

308 4187 412 4243 midos
426 4181 607 4254 Septembris,
621 4193 676 4251 quo
691 4178 838 4250 gloriosum
855 4186 955 4244 eorpus
968 4171 1027 4241 ejus
1046 4167 1097 4224 init

307 4281 342 4334 de
358 4275 483 4348 sepotcro
497 4289 559 4330 ento
575 4271 621 4343 pia
644 4270 787 4329 deuotione
803 4265 931 4332 letatum,
941 4260 1099 4318 solemniter

288 4371 470 4427 celebretur.

343 4461 386 4517 dd
400 4462 469 4525 ‚lraee
493 4473 556 4515 eum
579 4456 670 4513 divina
694 4452 880 4510 misericordia
898 4449 975 4506 robis
997 4457 1099 4504 tantam

287 4573 291 4582 ·
308 4549 475 4608 concesserit
487 4547 616 4620 qratiam,
628 4545 719 4614 utinm
730 4545 831 4600 dictum
845 4541 993 4613 pretiosum
1002 4555 1101 4616 eorpus

310 4652 339 4706 to
371 4647 465 4694 restro
495 4635 660 4694 ntouastorio
692 4635 864 4704 requiescat,
896 4631 1101 4687 universitatem

309 4741 429 4789 uestram
441 4738 547 4785 attente
557 4743 699 4784 monemus
707 4737 733 4781 et
746 4725 1101 4798 propensiuseslrortnmur,

311 4829 342 4875 ut
355 4821 389 4874 ad
410 4819 494 4888 ipsius
513 4817 627 4887 pretiosi
648 4817 737 4872 sorceti
760 4816 918 4872 ttremoriam
943 4811 1103 4870 solemniter

311 4909 501 4965 celelsrandam
527 4922 615 4977 usque
640 4907 708 4962 adeo
736 4906 902 4959 unanimiter
935 4903 1101 4965 intendatis.

311 5000 384 5069 quod
398 4999 571 5069 onntipotens
584 4997 715 5054 Dominus
735 4995 762 5051 in
778 4995 877 5051 reon-is
892 4994 998 5049 actibus
1015 4995 1102 5048 ltono-

313 5103 402 5156 rctur,
424 5101 452 5148 et
467 5107 500 5147 es
524 5089 597 5148 illius
619 5089 773 5146 imitatione
794 5089 870 5143 rolris
889 5083 982 5141 oeterni
997 5086 1101 5155 premii

312 5184 438 5240 eunrulns
452 5194 595 5254 urgeatur,
605 5183 641 5236 ita
657 5184 740 5251 quod,
751 5191 863 5236 auctore
875 5180 1001 5243 Domino,
1015 5176 1103 5231 titani·

315 5277 488 5346 leste-possit
508 5274 630 5345 agnosci,
651 5273 770 5343 qualiter
787 5283 885 5326 succus
910 5269 982 5324 illius
1000 5276 1103 5321 sancte

315 5367 415 5422 radicis
427 5377 510 5435 atque
524 5365 648 5421 doctrina
661 5364 687 5418 in
703 5375 841 5418 ramorum
856 5359 988 5415 lrnetiltus
997 5366 1103 5413 tnuuecu

312 5465 486 5514 etserretur.

351 5549 446 5612 ilatum
456 5547 557 5616 domm,
567 5551 637 5619 apud
649 5547 779 5604 Sanctum
792 5547 915 5614 Petrum,
923 5561 948 5604 rt
960 5541 1101 5607 ldusllaii

317 5641 489 5708 peutilleatus
504 5642 591 5697 nostri
602 5655 674 5697 anno
684 5641 783 5712 primo.

919 257 1116 321 coenssrttll
1132 255 1166 310 lli
1185 253 1285 309 PAPAE

282 411 385 469 tutibus
409 409 534 466 emicans
558 401 639 474 pessit
665 398 690 450 in
718 394 785 454 rita.
803 394 831 444 et
856 381 995 446 miraculo,
1010 381 1107 449 quet

1854 227 1907 282 iii

1502 359 1533 413 V.

1122 481 1251 547 Grrttsrido
1277 477 1357 530 electo
1386 469 1551 526 Elorucensi
1577 460 1727 534 promittit,
1754 453 1923 522 littqosrem:

1157 553 1308 619 episcopum
1323 542 1535 602 dunelmensem,
1555 536 1580 590 ei
1598 541 1655 604 post
1673 539 1808 597 acceptoris
1818 537 1912 577 eoam-

1157 620 1301 676 cretionem
1313 614 1459 684 tttlrjcctom
1479 609 1525 662 iri.

1263 725 1379 794 (doute,
1395 737 1440 792 ap.
1454 721 1485 775 S.
1503 721 1621 777 Petrum.
1636 714 1699 771 ilaii
1714 713 1771 781 ll.)

1310 812 1440 887 inuncti.
1465 807 1559 878 dnqiic
1574 846 1582 870 ,
1595 803 1640 869 ill,
1653 801 1728 874 itt]

1158 906 1340 962 Cttcssrtttos
1353 905 1508 972 episcopos,
1529 909 1626 951 servus
1638 905 1782 947 serrorum
1799 887 1859 951 uei,
1870 885 1914 940 rii·

1127 1000 1197 1052 tecto
1209 995 1268 1050 idio
1277 995 1419 1051 Grormoo
1433 991 1552 1046 Eliorum
1563 987 1663 1053 electo,
1679 985 1796 1038 satutem
1811 987 1839 1034 et
1851 993 1917 1047 spo·

1127 1087 1255 1142 stolieam
1270 1081 1502 1139 benedictionem.

1160 1176 1292 1245 Quamvis
1307 1171 1431 1230 Ecclesia
1451 1170 1573 1226 Romana
1587 1166 1687 1224 dixerit
1703 1161 1803 1232 aliquis
1822 1157 1921 1230 prtela·

1126 1269 1190 1324 latis
1211 1267 1400 1328 ecclesiarum,
1422 1262 1542 1317 dirersis
1556 1258 1727 1328 respectibus
1739 1253 1920 1315 deicrcsdis3

1129 1376 1191 1416 etun
1210 1371 1301 1415 tarraco
1317 1358 1374 1428 ipsa
1392 1365 1480 1410 mator
1494 1353 1629 1412 Ecclesia.
1646 1356 1727 1418 prout
1740 1357 1865 1415 congrue
1879 1344 1922 1393 rt·

1128 1469 1189 1509 sum
1216 1453 1309 1516 irretit,
1327 1447 1459 1504 reducere
1472 1444 1589 1500 coluerit
1603 1440 1697 1498 occulos
1708 1439 1742 1492 ad
1753 1436 1816 1505 jura
1827 1434 1921 1488 debita

1128 1541 1301 1610 conterendo,
1321 1539 1474 1595 nuliatenus
1492 1544 1535 1593 est
1556 1535 1669 1590 mo'cste
1687 1527 1855 1588 terendum.
1873 1523 1923 1577 scd

1128 1636 1218 1705 potius
1228 1632 1419 1703 equanimiter
1434 1625 1616 1685 tolerandum.
1631 1623 1701 1676 ilinc
1721 1626 1765 1673 cst
1783 1613 1857 1685 quod
1871 1620 1924 1666 tus

1093 1731 1115 1787 B
1129 1726 1331 1796 ddiqentieper
1341 1705 1924 1790 scriptaprteseutiaduximusiodieautlum,

1132 1815 1204 1885 qnod
1214 1814 1278 1868 licet
1287 1823 1434 1883 personam
1447 1805 1611 1863 venerabilis
1626 1801 1721 1856 iratris
1733 1797 1821 1853 nostri
1832 1795 1927 1864 lingo·

1133 1907 1175 1960 tris
1196 1901 1385 1959 dunelmensis
1406 1897 1537 1969 episcopi,
1559 1896 1630 1950 sicut
1653 1889 1815 1947 ltouoralrile
1835 1901 1927 1942 metu-

1133 1997 1211 2051 lrrmn
1235 1993 1387 2050 Ecclesiam
1411 1991 1504 2046 sedum
1529 1984 1706 2055 apostolicam
1721 1980 1874 2050 providerit
1897 1987 1927 2031 et

1132 2083 1242 2152 duxerit
1256 2079 1455 2138 honorandam.
1471 2077 1542 2144 Quia
1558 2086 1612 2129 tunt
1630 2072 1684 2141 iuri
1701 2081 1729 2126 ct
1743 2069 1827 2125 stertui
1852 2069 1927 2122 Ebo-

1135 2188 1195 2227 rnm
1208 2171 1340 2228 Ecclesiae
1355 2185 1405 2225 nos
1419 2167 1550 2237 oportuit,
1562 2173 1591 2221 et
1600 2163 1693 2218 docuit
1705 2161 1851 2232 procidere
1865 2174 1927 2212 cum

1135 2267 1250 2322 nimium
1276 2265 1408 2318 altsonnm
1426 2258 1577 2323 rideretur,
1597 2255 1671 2325 quod
1690 2252 1785 2308 eadem
1803 2249 1928 2306 Ecclesia

1136 2355 1240 2410 diutius
1262 2357 1423 2422 permaneat
1444 2348 1512 2403 tanti
1537 2344 1651 2400 etuuici
1668 2345 1694 2398 iu
1717 2355 1804 2412 regno
1819 2337 1928 2410 Atrglite

1136 2442 1299 2516 suffraganei
1313 2441 1411 2496 solatio
1431 2438 1576 2501 destituta;
1591 2427 1804 2501 necquidquam
1821 2430 1859 2484 de
1879 2442 1930 2483 suo

1139 2531 1200 2602 inre
1219 2531 1367 2597 minuetur,
1380 2529 1403 2585 si
1418 2529 1465 2599 jus
1479 2525 1593 2598 alterius¹
1607 2532 1799 2587 consecretur,
1814 2520 1843 2576 ei
1857 2519 1931 2576 decli·

1139 2639 1199 2680 rarus
1214 2625 1242 2678 in
1258 2623 1405 2687 mendatis,
1419 2629 1502 2690 atque
1515 2617 1689 2688 praecipimus
1703 2616 1765 2681 tilti,
1786 2614 1863 2670 sieut
1877 2627 1930 2668 suo

1139 2715 1362 2785 metropolitano,
1375 2711 1549 2780 excerptione
1563 2707 1686 2778 quelibet
1695 2707 1810 2762 obtenta
1829 2719 1882 2774 pro
1897 2718 1932 2758 eo

1138 2809 1289 2864 altomuro
1308 2803 1430 2860 Ecclesia
1449 2802 1646 2864 notmltstantc,
1660 2806 1689 2854 et
1702 2810 1766 2853 astte
1781 2811 1931 2853 eonsecra-

1141 2903 1257 2965 tiouetn‚
1270 2909 1299 2954 ct
1314 2913 1375 2953 com
1388 2895 1475 2952 lucris
1488 2903 1665 2952 consecratus
1677 2893 1807 2958 assistat3
1820 2899 1851 2947 et
1869 2905 1932 2946 eum

1141 3011 1202 3052 eum
1219 3005 1247 3050 et
1259 2992 1405 3048 Ecclesiam
1417 3004 1493 3044 suam
1512 2987 1683 3043 decrevimus
1697 2985 1746 3040 tilri
1757 2993 1786 3040 et
1801 2983 1933 3042 Ecclesia

1102 3055 1206 3152 Ctuac,
1225 3083 1288 3153 jore
1304 3079 1505 3151 metropolitico
1527 3092 1576 3149 per
1590 3076 1680 3132 omnin
1699 3087 1874 3142 conservato,
1900 3077 1934 3130 do

1141 3177 1280 3234 comnrrmi
1294 3174 1409 3229 iratrnm
1421 3163 1548 3236 consilio,
1566 3170 1721 3240 subiacere,
1744 3169 1866 3226 debitam
1883 3167 1934 3222 tilri

1141 3259 1364 3321 obedientiarum
1379 3261 1570 3326 reuerentiam,
1586 3260 1692 3316 sublato
1707 3259 1855 3330 cuiuslibet
1867 3275 1935 3313 cotr-

1143 3356 1313 3412 tradietioois
1326 3363 1355 3409 et
1379 3352 1572 3424 appellationis
1596 3352 1750 3419 obstaculo,
1772 3353 1935 3422 impendero

1143 3465 1197 3505 non
1211 3465 1262 3521 pos
1274 3455 1367 3518 ponat.

1179 3543 1275 3598 ilatum
1287 3542 1392 3608 Rotae,
1406 3537 1751 3611 apodSanetuml'etrnra,
1760 3553 1776 3590 t
1785 3535 1850 3593 idos
1858 3534 1934 3601 liaii,

1145 3633 1319 3704 pontificatus
1331 3633 1421 3688 nostri
1432 3645 1505 3687 antro
1519 3631 1618 3701 primo.

1513 3737 1557 3798 tt.
1600 3736 1604 3740 ’

1147 3835 1305 3893 donantem
1321 3833 1427 3891 Sancte
1442 3834 1539 3890 ilario
1551 3845 1576 3887 et
1591 3835 1683 3890 semu
1697 3835 1811 3890 loconis
1829 3847 1939 3905 eoauqe·

1181 3908 1257 3980 iistis*
1278 3905 1433 3960 bodecensis
1454 3905 1644 3975 protectionem
1677 3904 1788 3974 suscipit
1815 3905 1938 3975 tonoque

1181 3979 1330 4045 confisuros.

1285 4089 1399 4155 tllorrrsc,
1422 4103 1466 4159 ap.
1483 4089 1513 4144 S.
1531 4057 1651 4155 cerrino,
1668 4087 1731 4144 llaii
1745 4088 1805 4159 2l.)

1219 4183 1319 4256 [Suos.
1334 4183 1419 4236 tristor
1434 4181 1468 4251 os
1478 4180 1623 4248 dormint,
1639 4179 1706 4248 lllll,
1726 4196 1754 4251 p.
1770 4179 1851 4254 epu]

1184 4275 1363 4333 Coecesrmus
1386 4275 1549 4344 episcopus,
1575 4287 1670 4328 servos
1702 4288 1846 4329 serromm
1878 4273 1940 4335 liei,

1113 4385 1137 4439 ῃ
1153 4368 1260 4422 dilectis
1284 4367 1346 4423 liliis
1367 4368 1496 4422 dssocoo
1518 4364 1612 4428 abbati
1625 4372 1653 4418 et
1668 4365 1816 4420 conventui
1829 4363 1942 4419 Sancta

1153 4459 1244 4514 lissiae
1263 4469 1290 4512 et
1301 4458 1329 4513 S.
1339 4456 1452 4512 loarmis
1461 4455 1632 4525 eranqclistoe
1644 4457 1671 4509 in
1683 4455 1804 4518 enteca.
1817 4456 1940 4512 satutem

1151 4556 1179 4603 et
1192 4548 1367 4619 apostolicam
1380 4544 1607 4602 nertedictioncm.

1189 4639 1255 4696 Cura
1269 4654 1283 4694 a
1298 4638 1376 4695 nobis
1388 4638 1489 4707 petitur
1499 4639 1569 4708 quod
1580 4639 1682 4710 justum
1697 4646 1780 4695 estet
1794 4639 1941 4696 houmtoro

1154 4744 1208 4788 tam
1221 4733 1296 4802 rigor
1306 4731 1452 4801 equitatis,
1461 4747 1543 4801 qoam
1554 4733 1620 4786 ordo
1633 4733 1718 4802 exigit
1732 4734 1859 4796 rationis.
1875 4745 1902 4788 ar
1916 4735 1942 4790 id

1152 4823 1416 4895 persollicitndiuem
1432 4820 1512 4876 odicii
1522 4823 1606 4876 nostri
1621 4824 1657 4876 ad
1670 4822 1792 4876 delutum
1804 4827 1941 4892 pertinea-

1154 4928 1199 4970 tur
1223 4914 1358 4969 ellectum.
1384 4914 1544 4984 Erpropter,
1580 4912 1671 4968 dilecti
1691 4914 1719 4968 in
1740 4915 1859 4970 Douriuo
1884 4917 1941 4980 dlii,

1154 5005 1254 5058 restris
1278 5004 1359 5071 iustis
1384 5004 1613 5072 postulationihus
1636 5015 1716 5074 grato
1741 5019 1943 5063 concurrentes

1155 5096 1444 5166 ussertsupracdietanr
1468 5096 1623 5160 ecclesiam,
1637 5096 1665 5150 in
1683 5114 1736 5166 qna
1755 5098 1851 5153 diuino
1875 5100 1943 5154 estis

1154 5187 1284 5256 obsequio
1314 5185 1477 5256 trioncipmi,
1506 5189 1556 5242 snit
1580 5189 1650 5243 lienti
1685 5188 1758 5244 Petri
1792 5198 1820 5243 et
1847 5201 1946 5245 nostra

1155 5277 1323 5346 protectione
1333 5275 1545 5344 soseipirnus,et
1555 5278 1806 5348 praesctrtisseripti
1821 5281 1946 5348 petroci·

1155 5367 1201 5422 niu
1215 5369 1422 5430 connnunimus,
1438 5376 1587 5422 statuentes
1601 5380 1635 5451 ¹¹¹.
1642 5371 1708 5423 ordo
1727 5372 1889 5434 cononicus,
1897 5369 1947 5438 qui

1155 5455 1301 5510 secundum
1317 5454 1401 5524 ileum
1415 5463 1443 5508 et
1464 5455 1535 5508 beati
1551 5455 1687 5510 lletrcdicti
1707 5455 1882 5528 Regularum
1896 5473 1947 5511 eo-

1156 5545 1215 5598 dem
1230 5542 1288 5600 loro
1303 5543 1423 5598 noscitur
1437 5543 1588 5605 institutus,
1603 5547 1742 5615 perpetuis
1757 5546 1861 5600 ilsidem
1877 5557 1948 5600 tetu-

1158 5636 1270 5705 poriitus
1294 5634 1487 5692 iorlolalrilitcr
1503 5635 1677 5693 obsecretur.
1700 5635 1840 5692 Praeterea
1861 5652 1946 5710 quss-
