4125 6334
160 242 212 300 ana
619 229 799 304 ‘nntsnoun
818 247 862 304 nr
880 250 1086 308 nutrissent.
1106 245 1213 306 -'··nn.
1234 253 1310 308 ιιιι.
1738 251 1790 306 aaa

196 361 268 417 ttulit
290 375 356 433 ergo
371 363 485 420 omuino
499 361 640 419 hominum
661 363 742 421 liceat
770 365 842 422 barrio
867 367 945 438 pagi·
961 375 985 431 Α
1004 367 1147 424 ecclesiam
1171 366 1265 423 Sancti
1294 365 1406 421 hiartinl
1434 363 1468 422 de
1486 355 1622 440 cleysieu,
1646 363 1789 420 ecclesiam

159 467 224 511 narn
256 454 429 524 induigentia
457 465 558 513 nostrae
579 454 740 526 intringere,
764 459 807 514 vei
833 461 858 515 ei
881 477 951 516 atrsn
1003 459 1098 514 Sancti
1112 458 1221 515 ilartini
1236 459 1271 515 de
1285 457 1388 530 Varey,
1406 457 1551 516 ecclesiam
1565 457 1790 513 Sanctiiiauritii

159 548 308 604 temerario
327 549 479 602 contraire.
506 546 535 602 Si
550 548 612 616 quis
637 557 728 603 antem
748 549 802 604 boc
814 559 952 607 attentare
1002 551 1037 606 de
1051 548 1497 613 hmbntriaco,ecciesiamSancti
1510 548 1631 603 ilanritii
1644 549 1678 603 de
1693 547 1788 616 iinyri,

160 638 378 708 praesumpserit,
395 638 614 706 indignationem
631 640 828 708 omnipotentis
851 639 899 697 Dei
922 651 951 698 et
1001 642 1145 698 ecclesiam
1162 642 1255 696 Sancti
1271 642 1386 698 hndrerc
1400 644 1434 698 de
1453 643 1592 713 iligniaco,
1607 642 1702 696 ceilam
1719 640 1788 694 San·

158 729 302 784 beatorum
316 729 389 786 Petri
404 740 431 784 et
442 729 529 802 Pauli,
541 729 727 798 apostolorum
751 731 810 801 ejus
839 747 870 788 te
899 747 950 790 no·
1000 731 1038 786 cti
1054 729 1129 786 Petri
1154 733 1190 789 de
1208 731 1308 799 Vilico,
1334 733 1480 788 ecclesiam
1503 735 1611 788 Sancta
1641 733 1734 786 blariae
1754 731 1788 785 de

161 820 233 873 verit
249 821 432 875 incursurum.
1000 821 1179 892 Hospitalari,
1194 824 1325 894 capeliam
1342 825 1450 880 Sanctae
1464 824 1628 892 hlagdalenat
1642 826 1675 877 de
1688 823 1787 894 Lnyes,

196 913 291 966 Datum
306 912 408 974 homae,
423 910 493 980 apud
512 909 643 968 Sanctum
662 911 785 979 Petrum,
804 911 875 969 Non.
891 914 948 970 An·
1001 912 1099 968 ceilam
1113 914 1207 969 Sancti
1222 915 1414 992 christophori
1432 916 1466 972 de
1487 916 1586 984 ilnrgo,
1601 914 1698 987 cellam
1718 916 1788 967 San-

160 1003 241 1072 gusti,
259 1001 432 1072 pontificatus
449 1004 536 1059 nostri
550 1019 623 1059 anno
634 1004 733 1074 primo.
998 1003 1035 1058 cti
1049 1001 1185 1059 vincentii
1199 1008 1232 1060 de
1242 1006 1401 1070 Faramans,
1413 1005 1560 1062 ecclesiam
1572 1007 1665 1059 Sancti
1680 1005 1787 1060 ilartiui

440 1131 443 1136 -
512 1115 595 1172 mg·
998 1095 1031 1149 de
1047 1084 1197 1165 Stingiaco,
1222 1111 1284 1152 cnm
1300 1097 1469 1167 appendiciis
1491 1112 1597 1151 earnm.
1612 1097 1705 1150 Liceat
1718 1111 1786 1164 qno·

158 1207 311 1262 horruerit
330 1208 362 1265 S.
384 1207 533 1278 Rngniberti
557 1211 678 1268 Iurensia
707 1214 892 1280 protectionem
903 1231 949 1269 rn-
999 1200 1053 1256 ‘¹¹¹⁰
1067 1187 1146 1243 ΝΜ*
1160 1186 1276 1242 clem
1290 1199 1318 1244 ⁰²
1343 1189 1441 1255 ¹³5⁰⁰⁸t
1467 1189 1570 1243 libem
1584 1196 1612 1240 ⁰²
1634 1188 1785 1251 mlum·

191 1279 288 1346 rripit,
310 1278 527 1348 disciplinamque
552 1297 584 1335 ur
605 1283 779 1352 possesiones
797 1283 947 1352 confirmat.
998 1279 1033 1334 de
1045 1278 1148 1335 saeculo
1163 1277 1309 1350 rugientes,
1325 1282 1358 1334 ad
1377 1279 1583 1335 reorrncrsionern
1609 1279 1741 1347 recipere,
1757 1287 1786 1332 et

300 1371 415 1441 (nonrae,
430 1387 474 1441 ap.
489 1372 518 1427 S.
530 1371 652 1438 Petrum,
672 1373 742 1444 hug.
754 1374 795 1445 5.)
997 1383 1048 1426 eos
1063 1370 1166 1439 absque
1179 1373 1400 1426 contradictione
1422 1372 1513 1441 aliqua
1533 1371 1665 1427 retinere,
1690 1369 1787 1424 Probi-

158 1459 338 1532 [Gotcnnrrom
352 1463 467 1518 liirtoire
481 1465 513 1518 de
529 1463 623 1519 Brerre
634 1466 702 1520 etde
716 1465 816 1540 Bugeg,
829 1483 855 1538 p.
868 1469 946 1544 etth]
997 1461 1094 1516 bernus
1108 1461 1231 1531 insuper,
1259 1472 1289 1517 ut
1313 1462 1379 1517 rrtrlli
1397 1462 1511 1517 fratrum
1550 1471 1701 1517 nostrornm
1726 1471 1787 1531 post

198 1553 380 1610 Coeussrrnos
394 1554 545 1625 episcopus,
562 1570 807 1612 serrnsservorurn
834 1561 892 1624 bei,
907 1561 947 1615 (li.
998 1549 1100 1606 iactam
1122 1550 1149 1604 in
1164 1552 1259 1607 eodeni
1287 1553 1347 1609 ioco
1370 1552 1579 1622 professionem,
1603 1554 1664 1607 sine
1678 1551 1785 1606 abbatis

157 1640 238 1700 lectis
253 1643 316 1699 liliis
331 1641 479 1700 huarraro
503 1645 593 1700 abbati
610 1642 703 1700 Sancti
723 1643 881 1718 Ragrriberti
896 1648 945 1704 in·
996 1646 1037 1699 sni
1057 1644 1186 1712 licentia,
1203 1645 1256 1700 nisi
1281 1647 1428 1701 strictioris
1443 1646 1581 1716 religionis
1596 1647 1719 1711 obtentu,
1742 1646 1784 1701 ius

158 1735 249 1790 rcnsis
273 1735 386 1805 ejusqrre
409 1735 554 1800 iratribus,
584 1745 638 1790 tam
666 1716 1031 1808 praesentibusquarnBsit
1067 1735 1219 1792 abeodem
1247 1736 1307 1792 ioco
1334 1737 1483 1793 discedere.
1529 1736 1591 1792 Paci
1619 1753 1728 1808 quoqne
1757 1748 1786 1792 et

159 1819 257 1880 irrlurli
278 1826 429 1894 regularem
455 1827 537 1880 ritarn
563 1826 703 1897 proiessis,
718 1827 831 1884 salutent
848 1843 945 1900 perpe·
997 1829 1185 1897 tranquillitati
1202 1840 1298 1885 nestrae
1315 1840 1428 1899 paterna
1445 1832 1627 1886 sollicitudine
1641 1831 1785 1899 prouidere

158 1924 241 1970 tuam.
995 1921 1133 1988 nolentes,
1154 1925 1321 1979 anctoritate
1344 1923 1493 1994 apostolica
1505 1925 1682 1992 prohibemns
1698 1933 1727 1978 nt
1741 1925 1784 1978 in·

192 2007 306 2074 Quoties
320 2008 503 2077 postulatura
523 2008 603 2066 nobis
627 2009 698 2079 qnod
715 2009 838 2080 religioni
850 2019 878 2067 et
895 2011 945 2068 iro-
996 2009 1038 2065 ire
1052 2011 1192 2068 clausuras
1202 2013 1338 2079 locorum,
1366 2029 1413 2068 seu
1427 2015 1605 2084 grangiarum
1618 2025 1782 2076 vestrarum,

156 2099 255 2152 riostati
270 2098 419 2153 contrenire
446 2098 634 2169 dignoscitor,
661 2101 773 2156 omnino
796 2117 845 2158 nos
864 2105 944 2160 decet
994 2101 1088 2158 nullos
1112 2103 1235 2172 rapinam
1258 2104 1318 2158 sine
1345 2104 1448 2157 iurturn
1477 2104 1666 2168 committere,
1694 2105 1784 2173 ignem

156 2189 272 2244 libenter
296 2189 458 2256 concedere,
482 2200 511 2244 et
532 2191 688 2260 'petentium
709 2191 853 2250 desideriis
877 2211 944 2252 con·
994 2207 1145 2263 apponere,
1162 2195 1300 2248 bominem
1313 2209 1412 2264 capere
1426 2186 1467 2249 rel
1488 2194 1653 2261 interlicere,
1669 2210 1717 2250 seu
1731 2196 1784 2250 ali·

156 2291 253 2350 gruum
264 2279 422 2350 suffragium
449 2282 595 2351 impartiri.
620 2283 780 2354 Eupropter,
800 2285 893 2342 dilecti
915 2289 943 2344 in
994 2300 1077 2356 nquam
1093 2282 1250 2338 uiolentiam
1274 2294 1376 2341 temere
1401 2287 1500 2362 audeat
1518 2302 1658 2343 exercere.
1681 2287 1785 2343 Statui-

155 2372 273 2428 liomino
284 2373 341 2440 liiii,
352 2373 452 2429 restris·
461 2373 543 2444 justis
555 2373 780 2444 postulationibus
795 2378 944 2435 clementer
995 2392 1056 2431 rrrrrs
1069 2377 1182 2445 iusuper
1194 2387 1223 2432 nt
1237 2377 1327 2431 nullus
1349 2377 1419 2432 inira
1440 2380 1585 2450 parochias
1604 2388 1719 2443 vestras,
1736 2395 1784 2436 ec·

155 2465 315 2530 annuimus,
328 2465 502 2535 etpruriatum
517 2466 723 2532 monasterium,
740 2467 766 2522 in
782 2485 836 2538 quo
850 2471 943 2530 divino
995 2467 1106 2524 cilbiani
1117 2470 1159 2524 tel
1170 2471 1323 2524 ⁰r³¹⁰ri¹l¹ll
1337 2469 1371 2525 de
1384 2485 1467 2535 11οῖοι
1484 2472 1544 2526 sibe
1555 2474 1784 2527 leilneldlffi·

155 2557 223 2611 estis
235 2555 366 2624 obsequio
384 2556 541 2624 mancipati,
562 2558 612 2612 sub
629 2557 702 2613 beati
717 2558 790 2614 Petri
809 2575 838 2616 et
851 2572 943 2618 nostra
993 2561 1053 2615 sani
1079 2561 1200 2630 episcopi
1227 2561 1348 2626 licentia,
1368 2561 1507 2618 aedilicare
1523 2576 1682 2633 praesumat,
1698 2567 1784 2622 salvis

155 2648 329 2716 protectione
347 2649 519 2717 suscipimus,
541 2657 569 2702 et
593 2651 735 2717 pussernis
749 2653 843 2722 scripti
860 2657 943 2724 privi-
994 2650 1168 2722 indulgentiis
1191 2650 1373 2706 Romanorum
1401 2654 1571 2721 pontificum.
1596 2655 1664 2711 Cmn
1689 2667 1780 2710 autent

154 2737 225 2807 legio
240 2741 450 2809 cornmnninrus;
466 2741 495 2798 iu
519 2743 616 2811 primis
631 2735 764 2814 siquidem
779 2755 942 2814 statuentes,
993 2744 1121 2812 generale
1134 2746 1306 2800 interdictum
1314 2755 1393 2799 terrae
1404 2746 1499 2810 suerit,
1514 2746 1595 2801 liceat
1607 2749 1693 2814 rolris,
1707 2749 1783 2802 elan·

155 2840 184 2885 nt
196 2846 265 2887 orno
279 2833 515 2904 monasticos,‘qni
540 2839 689 2893 secundum
716 2838 812 2904 Deum,
825 2840 942 2896 aebeati
994 2836 1144 2906 sisianuis,
1163 2837 1281 2892 exclusis
1302 2840 1550 2895 excommnnicatis
1564 2850 1592 2894 ct
1611 2841 1781 2906 interdictis,

154 2920 293 2978 Berredicti
308 2923 438 2994 lingulam
469 2925 610 2982 incudem
636 2931 802 2986 monasterio
822 2930 944 2986 noscitur
994 2941 1049 2982 non
1064 2927 1179 2998 pulsatis
1191 2930 1344 2999 campanis,
1372 2945 1517 3000 suppressa
1534 2932 1783 2987 nocedininaolil·

157 3013 311 3078 institutus,
325 3015 464 3086 perpetuis
477 3017 575 3074 ibidem
593 3021 762 3090 temporibus
775 3007 941 3078 inuiolabili-
955 3043 977 3102 (3
993 3019 1035 3073 cia
1048 3017 1195 3085 celebrare.
1212 3018 1337 3074 chrisma
1352 3035 1426 3087 vero,
1451 3021 1541 3076 oleum
1567 3032 1701 3088 sanctum,
1716 3037 1782 3078 con·

154 3113 196 3160 ter
211 3104 383 3162 observetur.
409 3106 544 3164 Praeterea
556 3123 733 3181 quascunque
743 3113 940 3181 possessiones,
994 3111 1166 3166 secretiones
1181 3109 1320 3172 altarium,
1334 3125 1382 3165 sen
1397 3109 1582 3175 basilicarum,
1595 3113 1782 3170 ordinationes

154 3210 321 3268 quaecunque
342 3199 414 3255 bona
438 3201 509 3257 idern
524 3203 722 3260 monasterium
741 3205 943 3275 impresentia·
994 3203 1190 3258 monachorum
1203 3201 1250 3271 qni
1278 3199 1312 3256 ad
1328 3215 1422 3256 sacros
1433 3202 1544 3257 ordines
1559 3201 1660 3258 inerint
1672 3219 1782 3272 proruto·

154 3303 216 3344 rum
244 3289 318 3359 iuste
342 3299 370 3347 et
388 3295 519 3350 canonice
547 3295 740 3364 possidebant
765 3297 794 3352 in
817 3299 941 3355 intnrum
992 3294 1113 3361 cendia
1128 3294 1286 3349 dioecesano
1310 3293 1450 3363 episcopo,
1467 3293 1601 3363 siquidem
1629 3294 1782 3351 catholicus

156 3379 335 3436 concessione
349 3381 518 3451 pontilicum,
545 3383 692 3454 largitione
706 3403 802 3459 regum
816 3391 858 3447 rel
871 3391 944 3462 prin-
986 3383 1090 3450 ,ineril,
1103 3392 1131 3439 et
1146 3385 1264 3453 gratiam
1285 3393 1368 3452 atque
1392 3383 1609 3437 commonionem
1625 3385 1781 3453 apostolice

153 3471 258 3540 ιιιιιι,
283 3471 421 3529 nutatione
447 3473 568 3531 nostrum
592 3477 942 3555 construpandam,
994 3475 1633 3547 sen„nanneni,unusnepranrrareanqua
1656 3479 1781 3550 nmini·

152 3570 299 3631 praestante
327 3562 453 3631 boniac,
477 3567 577 3634 poterit
600 3567 725 3639 adipisci,
754 3572 831 3628 lirma
853 3579 940 3644 robis,
993 3571 1200 3627 mu³0¹¹¹ib0¹i·

153 3654 307 3724 ventrisque
321 3657 534 3723 suecessoribus,
551 3668 579 3714 et
593 3659 694 3716 illibata
706 3675 900 3732 permaneant.
911 3669 941 3726 ln
1029 3663 1204 3717 {isserninus
1233 3677 1300 3732 “8⁰
1322 3655 1363 3716 '⁰²
1392 3661 1459 3716 nulli
1493 3660 1603 3717 ⁰¹¹¹¹¹iss⁰
1640 3661 1780 3716 immistum

154 3746 317 3815 quibnsbaec
328 3749 580 3818 propriisdurimns
593 3752 769 3821 exprimenda
781 3759 940 3817 vocabulis:
991 3753 1075 3810 liceat
1100 3755 1243 3825 prariatnm
1270 3755 1467 3810 monesterium
1501 3765 1605 3811 temere
1639 3757 1780 3825 perturba·

191 3837 291 3894 Locum
317 3827 405 3910 ipsum
425 3841 451 3896 in
479 3857 533 3912 qno
563 3845 664 3902 dietum
684 3851 877 3907 montanarium
904 3855 943 3909 ,t-
992 3860 1022 3900 re
1047 3845 1090 3901 rei
1118 3846 1179 3916 ejus
1207 3846 1394 3916 possessiones
1421 3843 1556 3909 auferre,
1596 3845 1702 3900 ablatas
1735 3860 1780 3901 re·

155 3938 209 3983 turn
227 3939 279 3997 est,
292 3945 354 3985 enm
368 3934 494 3990 omnibus
518 3939 689 4004 pertiuentiis
722 3941 797 4008 suis,
822 3949 850 3997 et
878 3959 940 4000 curn
993 3937 1092 4002 tinere,
1117 3936 1161 3991 nei
1177 3937 1301 3993 minuere
1324 3951 1373 3992 seu
1397 3937 1565 4006 quibuslibet
1590 3938 1780 3994 vexationibus

152 4023 237 4091 burgo
263 4023 417 4094 adjacenti3
442 4026 540 4083 celiam
569 4030 603 4085 de
632 4029 764 4098 Chamon,
796 4035 939 4090 ecelesiam
991 4026 1115 4096 fatigare,
1124 4028 1171 4082 sed
1182 4028 1273 4082 omunia
1283 4028 1388 4098 integra
1403 4038 1600 4084 conserventur
1612 4044 1718 4095 eorum,
1730 4043 1780 4098 pro

153 4112 247 4169 Sanun
263 4115 403 4172 ιιιιιιιιιιι
416 4118 450 4173 ιι
464 4116 704 4188 horte-hudrtco,
718 4124 858 4180 ιιιιιιιιιιι
872 4125 941 4181 snr-
991 4131 1107 4186 quorum
1141 4119 1342 4187 subornatione
1373 4125 1402 4172 et
1424 4119 1624 4172 sustentatione
1648 4132 1779 4173 corrcesaa

153 4207 189 4260 cti
204 4204 278 4262 Petri
291 4208 324 4261 de
338 4205 432 4262 villari
447 4206 561 4280 Lagerio
582 4225 645 4265 cum
669 4211 796 4270 omnibus
811 4216 940 4285 appendi.
990 4216 1056 4263 aunt
1081 4207 1179 4262 usibus
1190 4209 1356 4264 omnimodis
1369 4207 1521 4277 protutura,
1537 4207 1612 4260 saiva
1625 4207 1698 4260 sedis
1712 4221 1778 4275 apo·

152 4298 206 4353 ciis
228 4313 345 4367 ettutn3
373 4299 469 4354 cellam
497 4301 531 4356 de
560 4300 660 4358 villars
683 4303 770 4372 Sales,
797 4306 939 4364 ecclesiam
990 4297 1292 4363 stolicaeauctoritate,
1308 4305 1335 4351 et
1351 4299 1500 4353 dloecesani
1513 4297 1632 4367 episcopi
1646 4297 1778 4350 canonica

154 4391 247 4448 gangr.
260 4390 360 4447 sugant
371 4391 404 4447 ge
416 4383 615 4461 Mon'qeqqajopp
637 4409 697 4448 cum
708 4396 834 4451 omnibus
844 4413 941 4468 appe...
955 4386 978 4440 b
989 4387 1108 4460 iustitia.
1125 4387 1220 4457 Siqua
1239 4388 1322 4459 igitur
1337 4389 1363 4443 in
1377 4387 1499 4454 [uturum
1524 4387 1707 4442 ecclesiastica
1722 4401 1778 4442 ste·

153 4482 232 4538 alieba
249 4497 354 4550 aarum,
368 4483 463 4539 celiam
478 4477 586 4539 Sunc'tae
599 4482 692 4540 ilarius
715 4485 748 4540 de
761 4485 900 4544 cranei-iia
913 4498 941 4544 ιι
992 4479 1127 4536 cularisre
1141 4493 1259 4548 persona
1276 4479 1348 4533 hanc
1367 4488 1467 4532 nostras
1487 4477 1687 4530 constitutionis
1701 4479 1778 4546 pagi-⁴

152 4573 297 4628 ecclesiam
311 4573 404 4629 Sancti
419 4572 493 4628 Petri
506 4575 540 4630 dc
556 4573 854 4641 Sanciaco,ecclcsiam
870 4569 941 4632 San·

152 4665 190 4720 cti
207 4665 281 4720 Petri
296 4667 330 4722 de
354 4667 565 4736 Asperomoutc,
590 4666 736 4721 ecclesiam
763 4667 857 4722 Sancti
873 4668 936 4723 bai-⁴

151 4756 378 4822 doli,ecciesiam
412 4759 446 4814 de
463 4758 593 4813 Marrusco
621 4773 683 4812 cum
706 4759 873 4828 appendiciis
896 4775 941 4816 ea-

152 4865 227 4918 rum,
243 4853 339 4908 celiam
367 4851 475 4909 Sancte
502 4852 594 4908 hiariae
612 4853 645 4908 dc
670 4851 770 4924 Lneyt,
796 4853 939 4909 ecclesiam

151 4939 264 5000 Sanctae
274 4944 367 5000 hiariae
382 4947 416 5002 de
427 4944 527 5010 ianua,
543 4945 687 5000 ecclesiam
703 4946 737 5002 de
750 4943 880 5010 Loaiaeo,
894 4960 941 5002 ec-

992 4588 1055 4628 nam
1071 4570 1172 4635 sciens,
1189 4579 1358 4648 contrusam
1378 4578 1480 4623 tenuere
1501 4568 1594 4622 netrire
1620 4569 1775 4633 tentareris,

991 4665 1111 4721 securdo
1128 4665 1242 4719 tertione
1260 4662 1436 4726 commonita,
1461 4661 1514 4716 nisi
1544 4667 1683 4730 peccatum
1698 4674 1776 4715 sunm

992 4759 1075 4830 digna
1085 4755 1274 4812 satisfactione
1300 4753 1464 4817 correxerit,
1487 4749 1632 4821 potestatis
1648 4751 1777 4808 honoris·

992 4866 1045 4922 qne
1057 4852 1098 4907 sui
1113 4859 1210 4905 careat
1223 4847 1364 4919 dignitate,
1387 4860 1515 4915 reamque
1529 4862 1559 4901 se
1571 4847 1662 4901 divino
1673 4845 1776 4914 jndicio

991 4946 1110 5001 existere
1134 4946 1168 5002 de
1182 4953 1338 5016 perpetrata
1365 4942 1509 5012 iniquitate
1534 4951 1690 5010 cognoscat,
1714 4952 1773 4997 eta

149 5036 264 5091 clesiam
290 5035 385 5092 Sancti
402 5037 546 5102 Desiderii,
568 5036 714 5092 ecclesiam
728 5036 939 5105 decampa'niuu
990 5037 1178 5093 sacratissimo
1209 5049 1326 5105 corpore
1350 5047 1378 5090 ct
1398 5034 1592 5105 sanguinebei
1618 5043 1646 5090 et
1669 5034 1775 5089 bonrird

149 5143 212 5182 cunr
228 5127 399 5198 appendiciis
414 5129 525 5196 earum;'
535 5128 680 5184 ecelesiam
697 5129 790 5185 Sancti
816 5128 891 5186 Petri
905 5131 940 5186 de
990 5131 1182 5201 Redemptoris
1192 5130 1278 5185 nostri
1287 5127 1350 5185 iesu
1368 5129 1469 5185 Christi
1485 5129 1642 5194 alienabat,
1657 5129 1775 5194 atqncin

148 5219 301 5285 Benoncia,
320 5222 467 5278 ecclesiam
481 5221 574 5278 Sancti
584 5222 700 5276 hudreac
714 5222 747 5278 de
758 5219 880 5293 Tenayo,
893 5237 940 5277 ec·
990 5231 1112 5277 extremo
1120 5221 1254 5287 examinis
1265 5221 1397 5277 districtas
1405 5221 1499 5275 ultioni
1509 5219 1655 5286 subjaceat.
1664 5216 1777 5273 Cornelis

150 5297 263 5368 cles'ianr
284 5312 380 5370 Sancti
394 5312 513 5368 hlauritil
526 5313 560 5369 de
579 5314 668 5384 hrgit,
682 5313 827 5368 ecclesiam
842 5313 937 5368 Sancti
990 5322 1080 5366 autem
1088 5311 1175 5367 eidem
1184 5310 1245 5367 loeo
1254 5310 1371 5380 suajura
1383 5307 1563 5372 sernentibus,
1571 5307 1775 5376 sitpaxiionriui

150 5401 261 5460 hiartini
278 5405 312 5460 dc
327 5405 450 5476 vaugiis,
466 5406 609 5462 ecclesiam
623 5405 717 5461 Sancti
736 5404 877 5459 Laurentii
904 5404 939 5460 de
989 5404 1074 5459 nostri
1099 5401 1162 5459 iesu
1177 5403 1291 5467 Christi,
1306 5409 1439 5468 quatenns
1458 5407 1485 5452 et
1508 5397 1552 5452 bic
1566 5396 1685 5452 fructum
1699 5399 1776 5454 bone

149 5493 280 5568 Onciaco,
295 5497 439 5553 ecclesiam
455 5497 549 5554 Sancti
564 5497 638 5554 Petri
657 5495 823 5563 dehranda,
841 5495 938 5551 celiam
989 5494 1105 5550 actionis
1131 5491 1294 5560 percipiant,
1324 5497 1353 5542 et
1377 5488 1447 5556 apud
1472 5487 1625 5543 districtum
1652 5489 1772 5560 jndicem

150 5583 244 5642 Sancti
259 5587 399 5644 hiicbaeiis
410 5590 444 5645 de
460 5590 554 5661 Rupe,
571 5589 714 5646 ecclesiam
732 5576 826 5644 Sancti
838 5586 939 5642 hiatui-
989 5586 1219 5654 praerniamteruae
1230 5581 1306 5651 pacis
1319 5580 1470 5636 inveniant.
1484 5581 1582 5636 hmeu.

152 5675 182 5732 tii
198 5681 230 5737 do
242 5677 365 5753 Larrgiis,
382 5681 524 5740 ecclesiam
540 5681 630 5741 Sancti
642 5679 737 5740 lliiarii
750 5679 934 5746 doTorciacn,
1026 5677 1121 5733 banno
1140 5674 1246 5742 hornae,
1264 5673 1334 5743 apud
1361 5673 1492 5735 Sanctum
1506 5673 1628 5743 Petrum,
1641 5689 1691 5747 per
1714 5689 1773 5732 rura·
