4125 6334
203 367 210 378 ·
265 342 332 410 loll

872 341 1068 399 effluesnlnl
1080 342 1114 397 ltl
1132 343 1232 398 PAPAE

1829 339 1899 397 lbi-t

263 467 374 542 propria
395 477 424 521 et
442 465 592 520 litterarum
615 475 684 530 qrtas
710 457 866 514 detulerunt
878 459 1049 514 continentia
1066 463 1091 520 A·
1103 459 1168 522 ltlio,
1181 457 1272 512 abbati
1291 453 1562 519 llersnitltclntsensi,
1590 455 1738 514 serrtndrtut
1756 454 1828 526 juris
1840 454 1897 509 lur-

264 567 439 622 denotarrutt‚
466 553 600 623 quoddam
627 561 748 609 castrum
772 550 892 623 ejrtsdem
917 552 1054 618 archiepi-

262 655 337 721 scopi
354 660 380 704 et
395 647 517 703 ecclesie
538 660 613 709 sue,
628 643 753 698 Stadium
770 645 895 708 uotnitte,
914 660 947 700 oe
967 645 1054 702 eonti-

262 745 329 800 tiaut
350 738 522 795 stadiensem
540 733 639 805 injuste
660 733 778 787 detinuit
791 736 948 802 aliquandiu
958 747 986 791 et
1010 739 1054 792 ad·

264 834 317 888 buc
332 829 428 885 illicite
444 829 470 880 in
498 826 621 895 propriae
640 824 737 880 salutis
760 825 909 894 periculum
932 828 1054 884 detinere
1088 839 1091 844 ‘

262 918 413 978 contendit.
436 915 598 972 construxit
633 916 714 972 etiam
744 925 864 970 castrum
893 932 992 971 notum
1025 916 1053 972 in

263 1009 429 1081 proprietate
444 1006 531 1075 ipsius
552 1005 677 1061 ecclesiae
694 1008 765 1077 apud
781 1009 870 1062 locum
892 1008 937 1077 qni
954 997 1074 1064 dicintr'

264 1099 432 1163 llorebrnelr,
450 1097 475 1149 in
490 1110 618 1166 magnum
632 1095 757 1162 eiusdem
771 1097 893 1153 eeclesiae
905 1099 1054 1154 detrinteu·

263 1200 330 1256 nrm,
353 1204 415 1244 cum
444 1186 531 1241 nuntii
565 1187 762 1257 arcbiepiscopi
781 1196 810 1242 et
824 1189 909 1258 ipsius
924 1188 1054 1243 Ecclesia·-

263 1299 313 1352 pro
326 1278 528 1350 gratatninibus
542 1292 603 1347 quat
622 1277 689 1346 ipsis
707 1276 764 1344 jam
779 1279 867 1333 dictus
883 1295 974 1335 comes
985 1283 1054 1335 assi·

264 1375 317 1426 alne
331 1370 474 1432 intercinat,
487 1369 520 1422 ad
541 1368 633 1423 sedem
663 1379 758 1424 essent
774 1369 950 1438 apostolicam
967 1372 1053 1429 desti·

265 1459 331 1514 nati.
346 1457 480 1512 Plecterea
500 1471 591 1510 cuntes
609 1456 667 1524 ipse
687 1455 803 1510 clericos
817 1456 937 1524 ejusdem
963 1460 1053 1515 areld-

205 1557 209 1562 ’
263 1548 382 1617 episcopi
395 1549 428 1601 ad
447 1547 505 1617 ejus
519 1547 650 1618 synodum
662 1549 760 1617 saepius
774 1556 848 1602 relat
868 1529 997 1606 accedere
1021 1567 1054 1606 ac

263 1639 458 1694 ministeriales
478 1641 537 1707 ejus
558 1641 678 1693 debitum
699 1639 725 1694 ei
742 1655 795 1694 nun
821 1645 1053 1710 permittltserri·

263 1734 331 1786 tinnt
346 1731 487 1796 exitibcre,
510 1741 538 1786 et
556 1731 625 1784 alias
650 1729 835 1798 quammultas
850 1718 963 1803 ittjurias
983 1737 1009 1791 ei
1026 1746 1053 1791 et

1106 563 1177 600 tnam
1204 554 1348 616 proponat.
1369 545 1424 600 nas
1443 545 1517 600 enim
1540 545 1607 618 ipsis
1621 546 1760 628 jndicibus
1784 548 1811 598 iu
1833 548 1916 614 olte-¹

1106 640 1213 694 dientiae
1228 639 1329 694 uirtute
1346 638 1470 694 districte
1482 639 1662 707 precepimus
1678 647 1719 704 ιιι,
1731 638 1753 692 si
1769 638 1898 707 praelatas

1105 747 1196 786 comes
1218 741 1382 800 praeceptum
1406 740 1530 788 nostrttm
1558 731 1707 802 neglexerit
1738 730 1897 800 adimplere,

1106 822 1155 890 ipsi
1185 823 1218 875 ad
1243 821 1418 880 Brctnensem
1444 823 1583 877 ciuitatem
1606 824 1710 891 pariter
1735 824 1898 877 accedentes

1105 913 1228 968 eumdem
1252 913 1378 966 comitem
1402 929 1433 967 ac
1448 930 1513 970 suos
1539 915 1565 967 in
1592 914 1746 981 lrrtjnsmoali
1765 930 1896 974 praesum-

1105 1005 1198 1072 priene
1220 1001 1350 1068 iantores,
1377 1002 1478 1058 nullius
1502 1005 1718 1060 contradictione
1742 1004 1783 1057 rel
1804 1005 1896 1070 appel-

1104 1092 1206 1148 latione
1218 1093 1355 1156 obstante,
1370 1094 1478 1148 vinculo
1490 1096 1783 1151 excommunicationis
1797 1097 1898 1148 astrin-

1105 1193 1168 1254 gant
1188 1193 1217 1238 et
1234 1185 1387 1240 nrrlrersant
1403 1187 1509 1241 terrattt'
1531 1184 1726 1254 suaepotestati
1746 1183 1896 1251 srtbjcetara

1105 1275 1252 1344 subjiciant
1286 1275 1475 1330 ecclesiastico
1506 1275 1660 1331 interdicto.
1693 1274 1725 1328 Et
1751 1285 1898 1344 utramque

1105 1368 1266 1421 sternentium
1296 1367 1412 1437 singolis
1441 1367 1590 1422 llotninicis
1620 1375 1648 1422 ct
1670 1367 1775 1422 lestinis
1800 1367 1898 1424 diebus

1104 1458 1196 1512 tandin
1211 1458 1318 1528 publice
1328 1459 1453 1512 nuntient
1463 1466 1489 1512 el
1501 1459 1618 1511 nurrtiari
1635 1457 1737 1513 sarciant
1751 1457 1898 1512 inuiolabi-

1105 1547 1168 1602 liter
1190 1547 1397 1612 observandam,
1421 1549 1507 1602 donec
1533 1548 1567 1602 ad
1593 1553 1749 1602 mandatum
1773 1548 1897 1616 prealicti

1105 1639 1300 1709 arclttcpiscopi
1316 1650 1343 1694 et
1365 1639 1494 1693 Ecclesiae
1505 1652 1560 1693 snae
1584 1638 1724 1692 ltuntiliter
1739 1651 1898 1692 revertatur

1105 1745 1136 1786 ae
1164 1745 1224 1798 qum
1244 1723 1418 1800 p'rccdixitmts
1446 1729 1559 1798 impleat
1585 1728 1730 1793 universa,
1746 1729 1896 1783 aliermont

263 1823 392 1876 Ecclcaiae
409 1838 465 1876 suat
478 1838 529 1876 non
552 1823 650 1876 nrcntit
677 1824 808 1893 irrogare.
825 1822 878 1878 Pro
893 1835 970 1895 parte
988 1844 1054 1884 vero
1068 1799 1090 1853 B
1105 1831 1213 1892 prestet
1233 1823 1316 1876 etiam
1334 1823 1498 1888 catanaem,
1518 1820 1589 1890 qnod
1612 1815 1739 1874 etirtnletn
1758 1820 1895 1887 arcbiepi-

263 1914 417 1982 ptraescripti
433 1895 544 1968 comitis¹
571 1915 687 1969 dilectus
703 1913 774 1967 lilius
792 1926 899 1980 noster,
923 1921 1055 1988 magister
1104 1927 1214 1982 scopum
1227 1929 1288 1968 cum
1308 1929 1356 1968 sua
1372 1910 1492 1969 Ecclesia
1505 1912 1533 1966 in
1551 1911 1594 1967 bis
1614 1913 1655 1966 rcl
1670 1911 1730 1966 aliis
1744 1911 1897 1965 enormiter

262 2007 363 2070 linteo,
383 2006 504 2075 praelatis
532 2009 635 2060 ‹lecatto
651 2017 678 2058 et
705 2005 779 2059 sorio
807 2020 867 2069 suo,
893 2023 953 2061 cum
970 2010 1054 2080 ipsius
1104 2022 1158 2062 non
1174 2007 1309 2078 gravabit.
1324 2007 1401 2073 Quod
1425 2007 1448 2061 si
1468 2005 1598 2075 prelatus
1618 2019 1729 2070 cernes,
1752 2003 1841 2068 raca,
1865 2012 1895 2056 ut

263 2098 372 2152 cernitis
387 2097 526 2152 litterisad
541 2107 664 2152 nostram
679 2097 846 2151 audientiam
862 2097 933 2154 illius
944 2104 1054 2156 nornine
1104 2101 1232 2164 diximus,
1249 2100 1421 2154 restitutione
1437 2095 1559 2168 plenaria
1576 2105 1604 2150 et
1624 2096 1659 2152 de
1671 2097 1776 2150 rnnnns
1791 2112 1823 2147 ac
1850 2095 1893 2146 in·

263 2190 419 2254 «testinans,
445 2190 615 2244 econtrario
635 2205 664 2244 se
679 2191 821 2258 opposuit,
839 2205 963 2247 asserens
980 2193 1053 2261 quod
1100 2191 1181 2258 iuriis
1204 2190 1333 2260 irrogatis
1354 2205 1474 2259 congrue
1499 2190 1654 2255 satisfacta,
1682 2197 1775 2241 cotnra
1805 2185 1893 2256 ipsrnu

263 2281 326 2333 dum
343 2294 435 2334 corttes
456 2280 556 2349 ipsein
580 2278 806 2350 Jerosotynanana
835 2284 1054 2353 peregrinatione
1105 2283 1340 2352 arclticpiscoputn
1357 2291 1383 2336 et
1408 2281 1556 2337 Ecclesiam
1570 2281 1629 2352 ejrrs
1649 2293 1801 2350 proponere
1816 2277 1894 2345 qnid·

263 2384 395 2437 maneret,
425 2371 496 2426 idem
517 2372 738 2441 arclatepiscopns
762 2375 861 2430 ittvasit
877 2386 962 2431 terras
983 2376 1053 2432 illius
1103 2389 1183 2442 quarn
1197 2373 1322 2436 soluerit,
1337 2373 1386 2442 ipsi
1401 2374 1513 2427 audiant
1531 2387 1641 2428 cartsnut
1662 2381 1690 2426 et
1707 2367 1893 2438 raticinantis

262 2466 322 2518 ctei
336 2479 369 2518 ac
387 2464 543 2520 horninibus
554 2466 611 2518 suis
627 2464 725 2518 damna
739 2467 832 2534 grania
845 2467 983 2537 irrogarit.
995 2469 1052 2534 Qua
1103 2465 1250 2528 merliante,
1264 2463 1403 2526 decidant,
1416 2463 1551 2519 lactantes
1562 2463 1726 2526 anctoritate
1740 2473 1833 2516 nostra
1847 2475 1893 2530 per

263 2556 296 2609 de
318 2568 401 2608 cansa
431 2554 502 2608 idem
527 2568 619 2607 coruos
643 2565 702 2624 pust
721 2556 835 2609 reditum
859 2571 936 2612 suum
960 2570 1052 2610 corant
1103 2554 1317 2608 ecclesiasticam
1332 2569 1474 2610 censuram
1492 2557 1563 2625 qnod
1587 2555 1761 2610 rlecrerctint
1781 2555 1895 2609 inuiola-

262 2645 360 2698 rlilecto
382 2643 437 2698 blio
457 2652 551 2696 nostro
566 2643 673 2708 Gentio,
692 2644 771 2698 titulo
796 2645 888 2698 Sancti
915 2644 1052 2700 Laurentii
1103 2643 1194 2699 biliter
1217 2645 1367 2701 obseruari.
1396 2645 1527 2713 Quocirca
1549 2645 1708 2700 discretioni
1726 2655 1824 2699 restrae
1846 2661 1894 2713 per

262 2737 289 2789 itt
318 2735 420 2789 Lucina
447 2734 607 2804 presbytero
637 2721 780 2799 cardinali,
807 2746 872 2790 tutte
899 2735 1052 2804 apostolice
1103 2739 1251 2808 apostoliea
1267 2740 1368 2804 scripta
1392 2740 1552 2793 rnottdatnus
1576 2748 1602 2793 et
1624 2739 1747 2793 districtc
1767 2737 1896 2808 proecipi-

262 2825 335 2879 seon
348 2825 448 2892 lapara,
463 2823 526 2876 dnn
541 2840 555 2876 a
568 2823 691 2893 partious
709 2823 797 2878 nacta
813 2834 957 2888 rearrearet,
971 2841 1053 2895 sapor
1103 2845 1175 2894 mre,
1191 2839 1336 2900 qnatenus,
1365 2830 1387 2884 si
1404 2831 1546 2884 nientoran
1571 2829 1676 2899 jndices
1695 2843 1778 2895 snpra
1794 2827 1893 2882 noram

262 2917 305 2971 bis
318 2915 459 2984 proposuit
473 2916 662 2983 quaestionem.
679 2916 729 2987 Qui
746 2918 855 2984 utrique
869 2918 938 2986 parti
948 2918 1053 2987 jrnlices
1104 2923 1280 2977 exsecutione
1297 2921 1389 2990 tepidi,
1405 2921 1477 2990 qnod
1500 2919 1715 2984 concredimus,
1740 2915 1841 2972 inerint
1852 2919 1894 2972 rel

262 3007 406 3074 delegarit,
435 3022 450 3060 a
479 3007 577 3075 quinas
606 3023 666 3062 cunt
701 3008 920 3078 archiepiscopus
938 3001 1052 3062 'citatus
1104 3011 1897 3080 rmnnst,roseaquapraedlximns,omniconnadirnnne

262 3097 368 3161 inisset,
392 3097 517 3165 promisit
558 3097 782 3169 compositionem
804 3113 866 3153 cum
893 3096 991 3152 comite
1022 3115 1051 3153 se
1065 3118 1085 3195 p:
1103 3115 1135 3156 ac
1162 3102 1346 3170 appellatione
1370 3102 1538 3171 postposita,
1564 3101 1735 3155 exsecutioni
1763 3099 1894 3152 rnandatc

261 3187 398 3242 iacturum
414 3189 488 3243 etde
508 3190 552 3261 lais
575 3190 700 3244 ornrtibus
715 3189 928 3244 satisfactionem
941 3191 965 3242 ci
985 3204 1052 3244 cort·
1104 3194 1216 3248 curetis.
1229 3191 1296 3248 Etsi
1320 3181 1376 3262 jam
1403 3193 1469 3248 dicti
1486 3192 1594 3260 jtnlicos
1619 3205 1705 3260 usqne
1731 3192 1765 3246 ad
1794 3191 1894 3245 testum

261 3295 356 3350 gruam
370 3263 568 3349 intpcttsurnnt.
586 3279 619 3333 Et
644 3280 684 3335 sic
702 3281 764 3335 talia
786 3281 972 3350 promittendo
1001 3297 1050 3336 nec
1102 3283 1186 3339 sancti
1199 3283 1340 3338 llicltaelis
1356 3297 1449 3337 rttcttse
1459 3281 1625 3350 Septembris
1635 3283 1758 3351 proxime
1773 3283 1892 3336 luttrrmn

261 3371 294 3422 ad
305 3370 437 3436 judicium
452 3378 553 3424 eorutn¹
569 3370 696 3438 accessit,
719 3387 770 3428 nec
788 3386 848 3440 qnae
863 3373 988 3441 promisit
1002 3387 1051 3428 cu·
1101 3376 1270 3429 satisfacturi
1298 3375 1331 3428 de
1359 3375 1498 3442 apostolici
1524 3374 1652 3443 praecepti
1680 3384 1838 3442 conternpnr
1858 3373 1896 3428 ad

260 3458 477 3514 raritullatenus
493 3460 652 3530 adimplere.
902 3478 911 3524 l
1102 3465 1251 3521 llotnatnaut
1273 3467 1422 3520 Ecclesiam
1452 3479 1505 3518 uon
1531 3465 1709 3529 accesserint,
1733 3479 1854 3544 testeos
1876 3481 1894 3517 rr

296 3549 431 3605 Caeterum
451 3567 512 3606 cnm
526 3553 687 3620 saepedictus
701 3553 1050 3623 arehiepiscopnsenmdem
1100 3560 1157 3612 suis
1170 3556 1276 3625 ciliciis,
1289 3558 1449 3611 urtctorinrte
1470 3557 1573 3612 sullulti
1590 3558 1739 3627 apostolica
1753 3599 1760 3622 ,
1776 3573 1895 3627 suspen·

260 3639 388 3694 cornitem
404 3655 486 3708 super
500 3641 662 3710 quibusdam
685 3641 745 3695 aliis
759 3642 838 3694 vellet
854 3642 1050 3714 qrtaestionibus
1100 3651 1181 3713 datis,
1204 3650 1286 3703 nullis
1314 3649 1411 3703 litteris
1426 3649 1612 3714 obstantibus,
1630 3651 1651 3706 si
1677 3665 1738 3719 quaa
1757 3663 1895 3717 appame-

260 3732 408 3787 convenire
433 3741 461 3784 et
494 3744 558 3786 eunt
589 3730 743 3784 intendenti
777 3731 1049 3785 excommunicationi
1102 3737 1893 3808 rintasedcapostolico,istarumutentiouenonltabita,

260 3837 424 3893 titblwsstte,
441 3821 596 3890 ⁰⁰¹¹10⁸ill⁵⁰
604 3835 685 3890 ⁵⁰90?
700 3820 851 3888 ¹¹¹¹i¹¹⁸¹¹¹⁰tii
871 3836 933 3876 0¹¹¹ss
948 3821 1050 3876 babens
1101 3832 1262 3900 irnpetratae.
1280 3830 1355 3896 natal
1368 3829 1390 3884 si
1411 3845 1505 3884 ornnes
1525 3830 1573 3884 tris
1598 3830 1781 3899 exsequendis
1796 3828 1896 3896 tttnpti-

260 3921 426 3984 snspecnnn',
441 3913 475 3965 nd
487 3910 579 3966 inient
593 3912 768 3979 tn0⁵tniictnt
782 3912 936 3980 appellarit,
950 3912 1048 3967 lcstnm
1100 3922 1194 3976 veritis
1207 3924 1349 3989 iuteresse,
1362 3923 1414 3978 dno
1431 3931 1550 3976 restrum
1576 3936 1607 3976 ca
1621 3921 1796 3976 nilriluntittns
1809 3933 1900 3974 exse·

260 4007 332 4062 beati
357 4003 469 4058 'Elromae
487 4001 600 4072 apostoli
627 4005 751 4070 proxime
776 4004 943 4071 praeteritum
958 4005 1048 4056 tenni·

260 4118 324 4162 ιιιιιιι
340 4099 514 4170 appellationi
527 4098 682 4168 praedpens.
695 4098 748 4154 Pro
759 4100 834 4166 cirins
844 4097 936 4167 utique
951 4113 1047 4168 prose·

259 4194 367 4247 cutione
398 4189 538 4262 praelatum
561 4189 594 4243 ad
607 4184 655 4244 no's
688 4189 794 4243 cttrarit
820 4204 897 4243 suunt
922 4191 1045 4243 nuntium

259 4283 406 4342 destinare.
420 4282 566 4349 Quiarero
589 4278 709 4348 ejusdem
733 4279 928 4349 arcltiepiseopi
951 4291 978 4334 et
994 4284 1045 4337 Ee·
1085 4269 1087 4272 ¹

258 4376 350 4436 elosiee⁴
361 4389 416 4430 ntae
431 4375 606 4444 gravamina,
619 4373 716 4441 quibus
726 4373 835 4428 assidue
845 4375 1043 4442 deprimuntur,

258 4475 352 4521 nostra
365 4467 448 4521 etiam
460 4474 589 4533 reputare
605 4464 745 4527 debemus.
761 4464 874 4533 prelato
889 4465 981 4519 conriti
997 4466 1047 4534 sub
1063 4455 1085 4510 D

258 4558 480 4615 interminatione
505 4555 589 4614 diuini
605 4557 699 4626 judicii
723 4557 846 4611 districte
872 4559 1049 4626 precepimus

258 4659 288 4701 nt
304 4649 432 4718 praedicta
460 4646 551 4701 oninia
567 4662 629 4716 qrtae
646 4647 673 4699 in
700 4646 885 4716 prejudicium
905 4648 989 4715 ipsius
1003 4665 1046 4701 ar-

258 4738 424 4808 ebiepiscopi
448 4746 476 4791 et
498 4735 622 4789 c'cclesiae
647 4749 703 4787 snae
734 4735 855 4788 detinere
878 4737 1046 4803 proponitur,

258 4841 338 4898 prout
353 4829 393 4884 eis
412 4828 445 4882 do
465 4827 526 4894 jure
551 4833 718 4894 competunt,
743 4827 801 4880 siue
829 4825 985 4881 difficultate
997 4844 1045 4882 scu

257 4921 401 4977 dilutione·
415 4919 553 4986 restituat,
565 4926 594 4971 et
614 4916 648 4971 de
674 4918 781 4973 damnis
802 4911 882 4974 illatis
898 4932 924 4972 et
940 4922 1046 4990 injuriis

256 5009 411 5067 satisfaciat
429 4994 616 5076 competenter
635 5010 815 5064 et‘ab'eorunt
840 5011 873 5064 dc
888 5020 987 5065 cetero
998 5026 1045 5081 pe·

255 5101 334 5155 nitus
354 5098 511 5172 gravamine
530 5110 564 5151 ac
590 5096 777 5152 molestatione
811 5098 934 5156 desistat.
962 5099 1045 5154 Facta

255 5206 320 5247 rero
335 5187 507 5245 restitutione
516 5194 544 5242 et
556 5202 675 5259 congrue
687 5189 839 5253 satisfacto,
866 5201 894 5246 ut
915 5191 1043 5259 ditionis,

255 5285 290 5339 de
307 5281 414 5360 injuriis
433 5289 460 5337 et
484 5280 590 5336 damnis
614 5281 649 5335 ab
669 5295 702 5335 eo
718 5281 769 5351 ipsi
782 5283 988 5352 arcltiepisc'opo
1015 5264 1044 5342 ei

256 5373 408 5426 contraisse
423 5372 473 5427 sibi
493 5373 621 5431 Ecclesiae
640 5373 786 5444 irrogatis,
807 5375 830 5428 si
844 5388 926 5442 super
939 5377 1043 5432 mertro-

256 5467 325 5520 ratis
342 5447 466 5525 articulis
489 5467 531 5522 rel
550 5467 612 5522 aliis
635 5475 728 5521 contra
744 5465 833 5534 ipsum
858 5464 1042 5537 archiepisco·

256 5569 320 5623 pum
336 5555 380 5609 rel
396 5556 539 5614 ecclesiam
557 5571 633 5612 suarn
655 5557 802 5628 quidquam
822 5559 930 5613 duxerit
943 5572 1041 5629 propo·

257 5647 399 5714 nendum,
425 5644 519 5704 corar'tt
550 5648 748 5710 retrerabilibus
776 5650 905 5710 tratribus
928 5651 1038 5718 uostris,

252 5733 462 5812 'norrnstcriensi
477 5749 504 5794 et
518 5739 720 5813 Ostiaburpeosi
739 5741 883 5811 episcopis,
899 5753 926 5798 ct
941 5741 1039 5797 dilecto

1118 4023 1224 4067 ttonlttr.

1098 4029 1114 4084 q
1135 4105 1229 4158 llantur
1239 4105 1396 4170 lateranis
1410 4103 1607 4168 llonasllann,
1616 4103 1789 4174 pannorum
1802 4112 1896 4160 trostrr

1097 4213 1167 4252 anuo
1182 4209 1286 4268 qttatto.

1395 4312 1582 4370 cninxnln.

1101 4399 1264 4455 narrata-na
1280 4400 1538 4525 dnilcultuselncerrpi
1554 4406 1681 4473 cupellam
1702 4405 1825 4460 Ceidlmn
1840 4425 1898 4460 os-

1459 4489 1534 4531 rerr.
1613 4517 1616 4522 a
1641 4501 1645 4508 ,

1310 4558 1461 4628 (Laterani,
1479 4563 1515 4618 ld.
1533 4563 1646 4634 blartii.)

1300 4649 1386 4724 [Mota.
1400 4651 1486 4718 Boio..
1504 4653 1546 4718 tl,
1562 4651 1637 4728 soen

1134 4741 1311 4796 Cretesrtnus
1332 4743 1592 4812 episcopusservus
1614 4761 1754 4800 seruorum
1769 4747 1825 4808 bei,
1850 4749 1902 4802 ‹li-

1099 4833 1175 4887 lectis
1201 4833 1266 4890 liliis
1282 4835 1426 4889 chccnrco
1449 4833 1539 4889 abbati
1563 4847 1590 4890 et
1611 4838 1753 4893 ronrcntui
1776 4839 1903 4896 delici-

1098 4925 1240 4991 dculrasla‚
1257 4927 1371 4983 saltrtctu
1386 4937 1413 4982 el
1429 4929 1604 4998 apostolicam
1620 4932 1854 4992 berrcrlictiunent.

1133 5021 1314 5077 Sacrosancto
1331 5012 1451 5074 Rontana
1467 5019 1587 5076 Ecclesia
1600 5023 1712 5082 tlerotos
1724 5032 1752 5078 et
1766 5024 1903 5084 intutiles

1097 5109 1167 5163 filios
1181 5125 1214 5166 cx
1229 5119 1343 5166 assuetas
1358 5111 1468 5178 pietatis
1480 5110 1568 5168 allicio
1583 5115 1746 5183 propensius
1769 5097 1903 5190 diligere

1097 5200 1248 5266 consuerit,
1264 5209 1291 5254 et
1304 5215 1337 5254 nc
1352 5217 1497 5271 pratorum
1517 5203 1657 5267 bominum
1678 5206 1809 5266 tttolestiis¹
1822 5211 1904 5282 agi-

1097 5297 1198 5356 tentur,
1207 5303 1253 5344 eos
1266 5300 1395 5360 tanquam
1409 5291 1452 5360 piu
1464 5301 1551 5347 nratcr
1563 5309 1619 5350 sue
1631 5298 1809 5364 protectionis
1821 5314 1905 5356 trau-

1095 5381 1198 5438 nimine
1226 5382 1382 5438 cottlorcre.
1408 5381 1571 5454 Eapropter,
1595 5385 1687 5440 dilecti
1711 5387 1739 5450 in
1765 5386 1906 5448 bertino

1096 5471 1155 5536 biii,
1174 5473 1530 5552 deratione1n‚qnamerpa
1545 5473 1654 5536 beatum
1669 5477 1778 5536 Petrum
1787 5490 1812 5534 ct
1836 5497 1907 5537 tros

1094 5563 1168 5634 ipsos
1180 5565 1281 5621 babere
1294 5563 1500 5636 eoqrroseinrtni
1509 5567 1690 5636 attendentes,
1700 5583 1842 5642 personas
1862 5590 1905 5628 ae

1094 5655 1288 5710 utonasteriunt
1311 5663 1431 5720 restrum
1447 5668 1508 5710 cum
1535 5657 1661 5712 omnibus
1684 5673 1745 5727 quae
1767 5658 1904 5728 impr-,12-

1092 5746 1238 5801 sentiarum
1256 5745 1452 5802 rationabiliter
1464 5747 1621 5818 possidetis,
1635 5759 1680 5804 aut
1703 5749 1732 5804 in
1753 5748 1903 5811 latarum
