4125 6334
148 329 218 390 pppy
647 317 828 380 bristoud
847 318 894 374 tlt
911 318 1118 379 inltdiuie.
1134 353 1169 366 -
1182 321 1239 380 ΑΝ.
1261 323 1341 384 ttbt.
1581 281 1586 288 ”
1710 330 1778 386 totid

147 445 219 508 sert,
232 443 338 514 absooe
355 451 491 500 consenso
517 435 602 492 totirts
623 435 748 507 capitoli,
764 433 807 490 rei
830 433 980 504 maiorica
997 443 1043 504 tte,
1059 452 1109 507 per
1122 452 1173 495 ros
1185 439 1302 498 transire
1312 439 1467 514 configeris,
1481 441 1516 500 eb
1539 441 1586 504 lilo
1610 442 1779 504 benedictio-

146 534 234 606 partis
246 543 271 588 ct
287 531 420 588 sairioris.
433 528 462 585 Si
475 543 537 599 quae
554 540 621 583 sero
636 526 798 582 donationes
812 526 855 582 nel
870 525 938 581 alie·
990 543 1039 584 nes
1054 541 1197 594 rasorum,
1208 539 1237 585 et
1251 531 1382 600 restinta,
1406 534 1624 591 consoerstiones
1637 535 1778 598 altarinnr.

146 627 278 680 notiones
290 622 372 678 aliter
389 636 471 691 poam
486 618 590 674 dictum
616 626 658 673 est
674 615 940 682 iactaeirierint.cas
988 620 1178 678 ordinationes
1201 623 1409 690 nionacborurn,
1435 625 1599 683 anctoritate
1624 627 1697 682 scrin
1713 641 1779 699 spo-

146 714 240 769 irritss
253 725 315 767 esse
325 722 480 766 mnnita·
493 706 535 761 Ad
549 706 607 762 baet
618 705 702 763 eiiam
717 706 941 776 prohibebimus
989 712 1092 770 amitere
1108 711 1230 780 recipere
1244 714 1367 770 ualeatis.
1390 714 1480 772 Porro
1494 717 1517 774 sl
1535 717 1654 788 episcopi
1674 720 1717 775 rel
1732 720 1778 775 alii

146 803 249 874 aliquis
263 802 417 858 rnonacbus
434 803 492 856 sire
517 812 669 855 conversus
692 799 745 854 sab
769 797 940 867 professione
990 803 1171 859 ecclesiarum
1206 813 1340 871 rectores,
1367 804 1394 861 in
1425 808 1590 864 monasteria
1617 817 1709 866 vestra
1735 809 1780 866 rei

145 898 244 953 dnrrrus
258 905 358 952 tanat
372 893 513 960 astrictos,
530 893 593 949 sine
611 906 748 948 consensu
771 899 800 946 et
827 890 938 945 licentia
990 905 1125 963 personas
1148 892 1215 948 inibi
1241 897 1416 961 constitutas,
1444 899 1642 968 suspensionis,
1666 914 1777 956 escorn-

146 987 268 1051 spintis,
282 995 308 1042 et
323 985 435 1056 nrap'orir
449 984 537 1054 partis
547 983 660 1055 capituli
684 983 769 1040 rostri
780 996 832 1053 pro
846 983 940 1054 alique
990 980 1183 1052 niunicetionis
1195 983 1237 1037 vel
1259 981 1395 1040 interdicti
1410 988 1573 1044 sententiani
1587 990 1780 1062 promulgare·

147 1079 201 1136 tte
217 1080 320 1151 lubeat,
334 1076 377 1133 rel
391 1077 426 1130 ab
441 1074 535 1146 aliqno
554 1076 701 1146 pecuniam
714 1085 810 1132 rnntuo
822 1075 940 1145 accipiat
989 1070 1057 1135 rint.
1073 1072 1132 1128 site
1143 1072 1227 1127 etiarn
1248 1073 1275 1129 in
1302 1077 1487 1133 mercenarios
1500 1079 1576 1136 viros
1587 1094 1637 1150 pro
1658 1083 1777 1154 eoquod

146 1169 218 1225 uitra
233 1166 351 1240 pretinm
376 1163 491 1235 capituli
514 1164 600 1219 vestri
616 1161 789 1234 presidentia
803 1163 940 1220 constitn-
990 1162 1113 1219 declnras
1137 1178 1191 1219 non
1218 1165 1333 1234 soltltls,
1353 1165 1396 1222 tel
1420 1167 1509 1238 aliqua
1525 1171 1669 1228 occasione
1681 1187 1777 1230 eorurn

146 1269 216 1324 tum,
231 1257 285 1312 nisi
303 1264 419 1326 propter
444 1254 617 1310 trianilestarn
632 1255 730 1310 domus
752 1266 849 1311 vestre
863 1254 939 1310 utili·
991 1269 1054 1324 pon
1067 1254 1102 1312 ab
1115 1255 1265 1328 apostoliea
1275 1256 1445 1327 benignitate
1468 1257 1546 1316 tobis
1568 1261 1672 1318 indulta
1704 1271 1777 1330 sunt,

145 1359 244 1414 tatem.
255 1349 330 1420 quod
344 1349 367 1405 si
386 1347 480 1403 lacere
495 1347 709 1418 praesumpserit,
734 1361 789 1402 non
812 1355 940 1404 tenmtur
989 1357 1038 1400 sen
1053 1345 1244 1404 benclaetores
1256 1356 1361 1405 vestros
1384 1361 1435 1420 pro
1449 1362 1483 1406 eo
1501 1351 1574 1422 qttod
1596 1351 1686 1425 siiqns
1702 1353 1780 1412 robis

142 1451 300 1499 contentos
315 1440 420 1511 probis
436 1437 610 1510 aliquatenus
625 1433 802 1508 respondere.
818 1437 936 1495 Licitots
989 1435 1123 1492 benedciu
1136 1434 1180 1490 nel
1191 1437 1322 1509 obsequis
1340 1452 1374 1494 es
1388 1439 1524 1498 ebaritate
1535 1444 1722 1511 praestiterint,
1733 1445 1777 1501 tel

148 1542 285 1605 preterea
301 1531 340 1588 sit
367 1530 446 1586 robis
462 1527 592 1584 incensis
611 1527 741 1598 propriis,
752 1528 810 1584 sire
829 1526 937 1586 cirilenr
988 1525 1221 1585 adlaborandum
1237 1530 1400 1600 adinveniet.
1414 1531 1441 1586 in
1457 1531 1511 1590 illis
1531 1533 1627 1592 diebus
1639 1533 1665 1592 in
1679 1537 1778 1608 ortibus

146 1629 209 1685 sire
229 1625 400 1683 criminetur
424 1621 584 1681 contineant
611 1622 804 1690 ornationem,
822 1619 936 1676 lrstrnro
987 1616 1280 1677 roslaboratisetattt
1305 1620 1450 1688 leriantur.
1475 1624 1598 1680 eamdent
1614 1629 1776 1686 sententiaro

148 1729 305 1776 nestrorum
323 1715 487 1772 testimoniis
499 1713 550 1782 nti,
572 1727 609 1768 ne
623 1727 675 1783 pro
693 1712 799 1769 delecto
814 1713 935 1782 testium,
990 1708 1170 1777 protnlerint.
1185 1709 1271 1780 insint
1284 1719 1414 1782 unquam
1427 1721 1522 1770 contro
1535 1716 1778 1788 sedisapostolicae

144 1810 191 1882 ins
208 1818 329 1866 restrum
344 1808 372 1863 in
389 1805 581 1878 aliquoraieat
596 1804 734 1875 deperire.
763 1803 878 1876 lnsnper
890 1819 939 1860 sn·
954 1808 977 1868 Β
992 1797 1095 1856 indulta
1121 1800 1255 1871 prolatant
1278 1801 1451 1860 decernimus
1478 1804 1651 1870 irritandam.
1668 1825 1718 1866 nec
1729 1808 1777 1866 lit·

146 1903 276 1959 ctoritate
296 1899 446 1970 apostolica
472 1897 627 1954 inlribemns
648 1913 683 1953 ne
701 1897 773 1952 ullus
794 1897 939 1967 episcopus
988 1894 1054 1944 ⁸0?ae
1072 1889 1133 1945 ¹¹¹¹ae
1154 1890 1311 1948 ssmllilem
1336 1893 1465 1960 blbeisslr
1489 1909 1559 1966 libii
1574 1896 1655 1954 libito
1670 1900 1779 1956 ttotttina
1833 1941 1836 1948 =

146 1992 189 2047 rel
210 1991 338 2061 quaelibet
353 1988 406 2044 alia
419 2002 535 2058 persons
555 1987 589 2043 ad
602 1986 720 2058 synodos
731 1985 774 2042 tel
786 1994 938 2043 cont-entus
989 1981 1188 2040 cirterciensis
1202 1983 1319 2049 ordinis.
1329 1994 1359 2042 et
1372 1997 1466 2044 contra
1478 1997 1600 2046 tenorem
1615 1992 1779 2062 apostolico·

147 2081 271 2137 lorenses
294 2095 345 2137 tos
357 2081 397 2136 ire
410 2079 452 2135 rel
463 2078 566 2148 iudicio
579 2077 704 2134 seculmi
721 2076 755 2131 de
772 2085 863 2133 restra
875 2091 938 2146 pro·
989 2086 1049 2126 runi
1064 2073 1268 2145 privilegiorum
1277 2077 1459 2152 compserint
1475 2078 1626 2150 impetrari.
1636 2080 1699 2139 Paci
1711 2097 1779 2153 quo·

146 2173 205 2244 pria
228 2168 437 2228 snbstantiarel
452 2165 938 2239 possoesionibnstestrissnblacers
988 2177 1043 2233 qne
1058 2173 1086 2221 et
1110 2164 1300 2238 tranquillitati
1330 2179 1429 2224 vestre
1457 2177 1573 2239 paterna
1596 2171 1777 2240 inposterum

147 2262 304 2333 compellat,
319 2273 369 2316 nec
387 2259 422 2315 sd
437 2259 534 2315 domos
544 2267 650 2314 vestras
672 2272 754 2313 cansa
767 2256 878 2314 ordines
891 2269 945 2312 ce·
989 2252 1174 2310 sollicitudine
1184 2254 1329 2325 providere
1344 2256 1477 2324 nolentes,
1490 2255 1654 2314 anctoritate
1667 2266 1779 2330 sposto-

148 2350 402 2415 tricastrinensis
430 2348 587 2416 tractandi,
613 2346 656 2402 rei
683 2347 788 2420 aliqnos
814 2347 936 2420 publicos
988 2343 1042 2400 lica
1055 2345 1246 2415 probibemus,
1274 2355 1306 2404 ut
1331 2347 1401 2403 inlra
1415 2346 1557 2404 clartsnras
1585 2347 1708 2404 locorunr
1730 2364 1778 2405 seu

148 2452 301 2500 conitentes
314 2438 482 2496 convocandi
493 2437 588 2494 rentre
609 2445 767 2510 praesumat,
785 2451 837 2494 nee
854 2451 936 2508 regu·
989 2436 1163 2506 grangiarum
1189 2446 1344 2496 vestrorunt
1359 2438 1450 2497 nnllus
1471 2440 1592 2510 rapinam
1605 2455 1653 2497 sen
1677 2441 1778 2497 luriunt

149 2534 237 2588 larem
261 2530 423 2588 eiectionem
449 2528 554 2584 abbatis
567 2527 651 2584 vestri
679 2528 818 2599 impediat,
842 2536 890 2584 ant
904 2526 938 2584 do
988 2523 1092 2594 iacere,
1113 2525 1204 2598 ignem
1216 2541 1364 2598 apponere,
1380 2529 1538 2600 sanguinein
1551 2530 1675 2596 sundere,
1692 2529 1779 2586 bomi-

150 2624 319 2681 institnendo
333 2623 376 2678 rel
390 2621 556 2678 removendo
574 2634 608 2677 eo
622 2621 670 2692 qui
681 2635 732 2693 pro
743 2629 866 2690 tempore
877 2619 937 2676 lue·
989 2629 1053 2672 ttem
1073 2627 1178 2676 tenuere
1191 2633 1291 2690 capere
1312 2619 1355 2676 rel
1376 2621 1538 2688 interlicere,
1556 2637 1603 2680 sen
1619 2622 1778 2680 violentiam

150 2717 186 2772 rit
200 2723 296 2770 corrtra
312 2721 413 2768 statma
426 2711 618 2768 eisterctensts
637 2711 743 2766 ordinis
755 2723 786 2766 se
799 2709 937 2780 aliquate-
991 2707 1091 2764 audem
1106 2721 1247 2764 exercere.
1264 2707 1401 2766 Praeterea
1415 2725 1511 2769 omnes
1531 2711 1670 2770 libertates
1684 2723 1713 2768 et
1727 2714 1779 2769 lnt-

149 2821 201 2862 nus
213 2805 386 2861 intromittat.
402 2803 431 2860 Si
440 2817 505 2859 nero
517 2804 660 2875 episcopor
676 2801 704 2858 in
715 2801 794 2873 errius
808 2800 936 2872 parocbia
988 2798 1150 2865 munitates,
1163 2812 1178 2853 s
1193 2798 1440 2870 praedecessoribus
1453 2801 1556 2859 nastris
1567 2801 1699 2861 nonanis
1711 2819 1779 2876 pon·

148 2897 246 2952 domus
258 2903 347 2952 restra
375 2892 487 2952 lundata
506 2905 558 2958 est.
582 2909 644 2950 curn
669 2890 823 2948 bumilitate
840 2908 872 2948 ae
888 2893 936 2948 ds·
988 2887 1205 2945 tibcibosordini
1220 2899 1313 2946 restro
1325 2905 1481 2955 concessas.
1491 2905 1606 2948 necnon
1623 2892 1778 2959 libertates.

148 2988 258 3044 notione
274 3000 327 3056 prta
339 2987 468 3042 convenit
491 2985 640 3056 requintns
660 2984 836 3040 substitntnnr
849 2984 936 3039 abba·
986 2988 1014 3037 et
1025 2979 1213 3050 exemptiones
1223 2981 1393 3037 secularium
1407 2983 1582 3039 esaetionmn
1597 2998 1612 3040 a
1626 2985 1736 3056 regilius
1749 2996 1778 3042 et

148 3089 203 3138 ωιιι
217 3077 392 3144 benedicere,
403 3084 432 3131 et
450 3075 503 3132 siis
517 3091 577 3145 pue
591 3075 626 3131 ad
650 3072 767 3130 odicium
780 3073 935 3146 episcopale
987 3073 1158 3144 principibus
1171 3072 1213 3126 rel
1238 3073 1299 3130 aliis
1326 3075 1452 3131 lidelibus
1485 3075 1686 3134 rationabiliter
1700 3079 1778 3134 tobis

147 3173 284 3243 pertinent
298 3169 376 3225 robis
394 3167 520 3224 conlerre
544 3167 616 3224 lorte
628 3167 762 3233 renuerit,
781 3166 885 3221 lleitunt
900 3139 971 3220 sitc
988 3157 1120 3230 indultas,
1146 3163 1310 3220 anctoritate
1327 3166 1477 3235 spostolica
1513 3165 1731 3234 confirmamus,
1750 3176 1779 3224 et

147 3258 236 3316 sidero
247 3255 351 3324 abbati,
379 3256 403 3313 si
428 3263 517 3312 tsmeu
532 3255 663 3313 sacerdos
688 3255 781 3322 luerit,
810 3253 936 3326 proprios
986 3257 1131 3328 presentis
1144 3255 1241 3338 periptl
1258 3256 1400 3328 privilegio
1421 3243 1630 3316 commuuimus.

149 3349 268 3406 roridos
279 3347 454 3412 benedicere.
477 3355 507 3403 ct
524 3345 577 3401 alia
592 3359 654 3416 que
678 3345 713 3400 ad
726 3344 843 3402 odicium
856 3359 935 3402 snum
1023 3347 1290 3420 beccrnlnrnseryn
1308 3356 1361 3404 etc.
1599 3401 1605 3412 ,

149 3441 288 3511 pertinent
308 3453 451 3505 exercere.
464 3448 492 3495 et
503 3437 581 3494 robis
591 3437 685 3496 ornnia
696 3438 730 3493 ab
742 3435 797 3494 alio
807 3436 936 3508 episcopo
1023 3435 1081 3507 Epo
1095 3435 1268 3501 coelestinos,
1282 3435 1423 3492 catholice
1439 3435 1564 3494 ecclesie
1573 3439 1725 3509 episcopus.

149 3532 304 3602 percipere,
319 3545 408 3602 quea
422 3538 513 3587 restro
535 3530 638 3586 luerint
658 3529 779 3586 indebite
791 3528 935 3606 denegatus
1023 3527 1080 3600 Ego
1093 3527 1217 3592 Albinus,
1237 3526 1398 3583 dibanensis
1412 3530 1566 3601 episcopns.

150 3622 390 3692 illudarijicientes
413 3628 444 3678 tit
467 3621 495 3677 ln
519 3619 684 3690 recipiendis
707 3618 935 3692 professionibus.
1018 3619 1076 3684 Erro
1099 3619 1274 3684 octavianus.
1298 3617 1433 3676 (latiensis
1461 3627 1490 3676 ct
1516 3619 1690 3678 velletrensis
1715 3619 1773 3691 epi·

148 3727 212 3784 que
225 3729 241 3770 a
255 3713 408 3770 benedictis
422 3712 468 3770 rel
492 3711 685 3768 benedicendis
698 3710 842 3767 abbatibus
858 3711 938 3770 estri-
987 3722 1095 3779 scopus.

150 3803 262 3873 beatem
277 3819 310 3860 ea
320 3805 377 3861 sint
392 3804 511 3875 episcopi
530 3804 617 3859 torma
633 3812 664 3859 et
686 3801 860 3874 expressione
871 3816 938 3858 con·
1024 3801 1081 3872 Epo
1093 3798 1224 3872 loannes,
1239 3803 1420 3860 Praenestinus
1432 3803 1585 3874 rptrccpnr.

151 3897 233 3962 tend,
247 3911 309 3967 qnae
324 3897 359 3953 ab
372 3897 478 3968 origine
492 3896 598 3952 ordinis
618 3895 741 3951 noscitur
755 3894 892 3960 instituta,
908 3902 938 3951 nt
1028 3896 1085 3966 Ego
1101 3897 1206 3963 Petrus,
1228 3881 1386 3952 Portnensis
1397 3903 1424 3950 ct
1443 3895 1472 3951 S.
1489 3893 1594 3953 liuline
1606 3895 1757 3967 episcopus.

150 3989 258 4047 scilicet
271 3991 385 4047 abbates
398 3988 462 4060 ipsi,
477 3988 553 4044 sslro
562 3988 659 4043 ordine
672 4000 729 4049 sno.
754 3985 873 4052 profiteri
888 3987 937 4043 dc·
1000 3988 1080 4058 ligo
1094 3986 1258 4052 Pandullns.
1285 3987 1405 4044 basilicae
1430 3984 1475 4041 Xli
1500 3985 1688 4057 Apostolorum
1703 4000 1778 4058 pres·

150 4081 247 4148 bearn,
260 4092 287 4138 ct
301 4091 397 4151 cotnra
411 4089 513 4136 stanna
523 4078 629 4134 ordinis
642 4079 684 4134 sul
708 4076 809 4132 nnllant
836 4076 939 4146 pro-'es-
988 4079 1068 4147 bytcr
1079 4075 1235 4131 cardinalis.

151 4173 257 4230 sionem
272 4174 364 4230 lacere
387 4171 595 4244 compellantur,
618 4169 673 4225 Pro
687 4166 938 4226 consecrationibus
1026 4165 1198 4238 Egolielion
1217 4163 1268 4220 SS.
1298 4163 1411 4220 ioannis
1425 4173 1452 4218 et
1465 4161 1541 4217 Pauli
1550 4161 1691 4236 presbyter
1701 4167 1774 4225 cani

151 4278 219 4321 tero
232 4265 360 4320 altarium
377 4263 419 4319 rel
432 4263 609 4322 ecclesiarum
621 4261 680 4318 sire
696 4275 746 4332 pro
759 4259 820 4316 olco
842 4267 939 4315 salicto
989 4258 1030 4312 tit.
1044 4256 1222 4313 Pummncbii.

152 4356 197 4414 rel
209 4357 330 4426 quolibet
347 4355 537 4413 ecclesiastico
561 4360 733 4410 sacramento
757 4351 848 4407 nuilus
861 4363 877 4404 a
892 4363 939 4404 to-
1026 4350 1083 4422 Epo
1099 4350 1205 4418 bernis,
1226 4348 1267 4404 tit.
1292 4346 1400 4403 Sancta
1416 4344 1533 4402 cecilie
1553 4343 1695 4418 presbyter
1717 4361 1779 4405 car·

151 4450 196 4506 bis
211 4448 262 4505 snb
272 4450 387 4505 obtentu
406 4445 614 4503 consuetudinis
629 4444 672 4501 nei
695 4443 751 4500 alio
766 4443 846 4499 motio
861 4440 939 4512 tprid·
954 4442 1099 4520 „dioclis
1630 4457 1634 4466 ¹

151 4555 233 4608 quarn
251 4543 351 4598 audeat
378 4549 556 4608 extorquere,
582 4538 631 4593 sed
655 4535 826 4592 haecomnia
852 4533 938 4603 pratis
1024 4535 1080 4605 Epo
1091 4531 1384 4602 londanus‚presbyier
1396 4527 1543 4585 cardinalis
1555 4527 1586 4584 S.
1599 4527 1777 4585 Pndctrtianet

150 4631 230 4688 robis
253 4631 399 4701 episcopos
434 4629 607 4684 dioecesanos
633 4625 791 4706 impendat.
818 4622 938 4694 alioquin
989 4625 1031 4679 tit.
1045 4621 1173 4678 Pastoris.

150 4720 233 4778 item
259 4721 339 4777 robis
365 4732 557 4790 qoenrcunque
593 4714 745 4772 malueritis
772 4713 938 4768 ratbolicnrn
1022 4714 1080 4784 Ego
1095 4713 1243 4778 licinanius,
1267 4709 1309 4766 tit.
1333 4707 1362 4764 S.
1386 4706 1538 4764 Anastasia
1560 4704 1703 4779 presbyter
1716 4721 1778 4762 car-

151 4812 403 4875 adffreantistitem
423 4808 540 4880 gratiam
562 4813 592 4862 et
614 4801 832 4860 communionem
843 4815 939 4858 moro-
989 4803 1101 4860 dinatio.

153 4912 255 4960 sanctae
266 4899 397 4956 Romanas
410 4900 483 4956 sedis
507 4900 664 4963 habentem,
685 4894 732 4966 qni
746 4903 840 4950 nosne
855 4893 941 4952 iretur
1025 4893 1083 4964 ligo
1096 4892 1197 4958 cnido,
1212 4889 1352 4964 presbyter
1370 4886 1517 4946 cardinalis
1531 4888 1561 4945 S·
1573 4887 1664 4948 llariae
1690 4897 1765 4951 itant

153 4993 320 5052 sanctitate
343 4993 421 5049 robis
443 4998 516 5062 quod
529 4989 682 5063 postulatur
695 4986 845 5057 impendat.
862 4987 939 5055 Quod
990 4985 1108 5043 Tiberini
1124 4987 1165 5043 tit
1181 4983 1284 5042 Calisti.

153 5085 439 5146 sisedesdioecesani
455 5087 577 5158 episcopt
600 5084 669 5142 lorte
682 5081 939 5148 racareritinterlm
1024 5076 1231 5148 urelsonner,
1254 5077 1296 5131 tit.
1323 5074 1353 5133 s.
1382 5073 1513 5149 Steplrtnl
1535 5073 1562 5131 in
1586 5065 1674 5136 licelis
1687 5084 1779 5129 nrorns

150 5180 245 5238 omnis
261 5177 447 5235 ecclesiastiea
470 5186 642 5234 sacramenta
665 5175 793 5256 aricinis
806 5172 940 5247 episcopis
990 5172 1135 5243 presbyter
1148 5169 1305 5226 cardinalis.
1794 5161 1797 5176 ¹

152 5275 281 5344 accipere
294 5271 381 5328 iibere
398 5278 427 5327 et
452 5271 556 5342 amque
576 5268 793 5327 contradictione
815 5263 939 5334 possitis,
1026 5263 1083 5335 Ego
1106 5261 1257 5329 solfredus,
1280 5261 1323 5319 tit.
1350 5261 1381 5320 ti.
1401 5257 1531 5320 Praxcdis
1555 5258 1696 5330 presbyter
1717 5269 1778 5311 en·

153 5369 298 5423 sietsnren
311 5374 342 5420 ut
355 5365 458 5426 exboe
473 5364 501 5419 in
523 5371 666 5434 posternat
676 5357 794 5430 propriis
807 5354 941 5427 episcopis
990 5353 1099 5412 dinariis.

153 5457 258 5515 nulinnt
272 5457 462 5529 praeiudicium
474 5462 628 5529 generetur.
641 5452 710 5519 linia
724 5463 790 5505 nero
802 5446 938 5503 interdurn
1026 5443 1082 5515 Ego
1107 5443 1272 5510 bernardus,
1303 5442 1333 5497 S.
1351 5438 1424 5496 Petri
1445 5440 1479 5495 sd
1503 5437 1617 5500 'litionis
1637 5437 1778 5510 presbyter

154 5548 295 5619 proprium
310 5547 500 5618 episcoporum
510 5547 616 5617 sopiant
627 5559 681 5599 non
697 5540 814 5605 bebetis,
826 5539 849 5595 si
859 5552 940 5608 quern
991 5536 1067 5591 carri.
1081 5536 1123 5594 tlt.
1137 5535 1273 5594 Enriririae,

153 5639 311 5710 episcopum
324 5637 454 5694 Romanas
476 5638 560 5701 sedis,
574 5643 604 5690 ut
629 5634 757 5697 diximus,
770 5630 941 5686 conrmunio·
1028 5625 1086 5693 tipo
1100 5623 1256 5689 Gratianus.
1271 5623 1321 5679 88.
1350 5620 1455 5679 Cotton
1468 5629 1495 5678 ct
1509 5617 1779 5678 bnnrisnidiscottua

154 5745 220 5789 usn
237 5729 434 5800 inimemor
447 5728 482 5786 de
494 5741 549 5799 qrro
574 5725 681 5800 plenam
704 5723 827 5782 notitiam
842 5721 942 5778 babea-
993 5715 1148 5775 cardinatis.
