4125 6334
182 358 233 420 sva
635 354 813 416 misnens
832 359 877 416 ax
894 361 1099 422 Ptttlllllcld.
1113 392 1149 408 -
1161 366 1218 423 su.
1243 365 1318 426 ttat.
1766 386 1819 443 ῃ,

183 477 287 538 nemini
307 476 390 534 liceat
405 475 475 532 inira
496 473 628 532 terminos
644 478 782 547 parochiae
799 489 896 537 vestrae
912 481 1010 543 sinet
1059 482 1117 554 spo
1133 481 1285 551 Romanus,
1307 486 1351 544 tit.
1377 485 1486 544 Sancta
1509 486 1661 551 anastasis
1686 498 1815 569 presbyt.

183 573 351 629 auctoritate
373 569 520 627 dioeeesani
547 570 678 641 episcopi,
694 581 723 628 et
744 581 836 628 restro
857 586 972 629 assensn
1024 576 1182 632 cardinalis.

182 665 327 726 eeclesiam
350 663 393 719 vel
417 662 567 719 oratorium
584 663 618 716 de
641 677 711 719 novo
727 663 874 731 aedificare,
891 664 973 720 salvis
1059 665 1116 736 ligo
1139 665 1305 738 Gregorius,
1320 669 1428 732 Sanetae
1446 675 1540 734 llariae
1556 678 1587 734 in
1610 678 1722 738 Portica
1740 681 1814 744 diac.

183 757 334 832 privilegiis
349 757 533 811 Romanorum
547 755 719 825 pontificum.
738 754 893 812 libertates
903 769 973 826 pra·
1022 760 1099 812 card.

184 859 258 907 terea
274 861 302 907 et
325 849 512 905 immunitates
533 848 659 918 antiquas
676 857 705 904 et
716 847 893 904 rationabiles
907 862 972 902 con-
1058 850 1115 920 Ego
1128 849 1258 920 loannes,
1270 855 1364 912 Sancti
1380 858 1513 916 Tbeodari
1528 862 1599 918 diae.
1612 865 1689 920 eard.

181 945 343 1002 suetudines
363 941 489 997 ecclesiae
510 948 608 996 vestra
628 955 783 1006 concessas,
798 948 825 996 et
839 940 973 996 hactenns
1059 941 1115 1014 Ego
1128 945 1293 1015 bernardus,
1310 949 1419 1006 Sanctae
1432 952 1524 1010 ttarte
1538 955 1620 1011 Novae
1636 957 1706 1013 diae.
1723 959 1814 1016 cardi·

182 1038 353 1099 observatas,
369 1033 501 1088 babemus
516 1040 601 1099 ratas,
614 1041 642 1087 et
655 1047 701 1088 cas
711 1032 848 1103 perpetuis
863 1040 971 1102 tempo·
1023 1034 1093 1090 nalis

181 1127 258 1182 ribus
268 1125 389 1181 illibatas
398 1135 561 1194 permanere
569 1124 718 1179 sancimus.
735 1123 886 1180 statuimus
897 1127 972 1180 insu·
1059 1125 1116 1196 Epo
1139 1127 1305 1198 Gregorius,
1321 1130 1430 1187 Sanctae
1453 1132 1547 1189 llarias
1564 1135 1593 1190 in
1609 1137 1717 1208 dquiao
1740 1142 1812 1200 diac.

177 1231 228 1289 per
238 1226 268 1272 ut
280 1215 422 1272 nonlieeat
432 1215 561 1284 episcopo
572 1215 697 1271 vestroin
707 1231 755 1272 vos
766 1217 809 1270 vel
825 1216 970 1273 eeclesiam
1022 1219 1183 1276 cardinalis.

178 1321 299 1368 vestram
315 1309 374 1366 sine
389 1308 535 1364 maailesta
557 1316 584 1364 et
601 1308 755 1365 rationabili
767 1324 849 1366 causa
863 1324 972 1366 excom·
1058 1309 1115 1382 Epo
1137 1311 1287 1381 batarios..
1302 1310 1353 1370 SS.
1370 1313 1457 1387 Sergii
1472 1324 1501 1370 ct
1519 1315 1618 1374 Baeelxi
1636 1320 1706 1376 diae.
1721 1322 1815 1379 cardi-

178 1403 371 1463 municationis
384 1403 428 1458 vel
441 1398 578 1459 interdicti
603 1405 766 1458 sententiam
784 1405 969 1475 promulgare.
1021 1402 1092 1458 aalis

221 1497 394 1569 Sepulturam
420 1503 554 1567 praeterea
580 1495 665 1566 ipsius
687 1493 740 1550 loci
772 1495 887 1552 liberam
909 1512 971 1554 esse
1058 1494 1113 1564 Ego
1139 1493 1278 1562 Nicolaus,
1293 1495 1401 1553 sanctae
1417 1497 1510 1555 llartae
1532 1515 1560 1556 tn
1575 1501 1720 1562 Gosraedia
1737 1509 1811 1566 diac.

181 1589 364 1657 decernimus,
380 1598 411 1643 ιιι
431 1601 523 1642 eorum
538 1584 674 1642 devotioni
694 1593 722 1642 et
733 1595 861 1642 extreme
873 1589 971 1643 volan·
1021 1591 1098 1644 carii.

181 1682 250 1746 tati,
281 1680 327 1748 qai
366 1691 396 1733 se
425 1677 478 1734 illic
512 1677 622 1748 sepeliri
650 1677 879 1745 deliberaverint,
916 1679 969 1735 nisi
1058 1679 1155 1735 liatam
1169 1682 1485 1751 ltomte,apadSanctum
1499 1686 1622 1758 Petrum,
1635 1705 1686 1759 per
1698 1708 1810 1752 manum

180 1774 251 1829 lortc
280 1769 507 1828 exeommunicati
537 1767 579 1824 vel
607 1767 741 1824 interdicti
775 1769 850 1836 siat,
880 1771 969 1826 aulius
1020 1771 1237 1841 AEgidii,Saaeti
1250 1773 1355 1832 llieolai
1372 1777 1399 1832 in
1412 1777 1530 1834 carcere
1541 1782 1647 1837 diaconi
1661 1786 1811 1845 cardinalis

178 1866 302 1931 obsistat,
319 1861 392 1918 salva
416 1871 504 1917 tamen
517 1858 623 1928 justitia
650 1857 758 1916 illarum
772 1860 966 1926 eeclesiarum,
984 1832 1005 1888 B
1020 1879 1051 1918 ιιι
1067 1862 1160 1920 Nonas
1181 1850 1270 1931 lunii,
1288 1868 1437 1925 indictione
1454 1885 1494 1935 rx,
1509 1887 1583 1928 aaao
1608 1874 1811 1936 incarnationis

177 1957 304 2026 aquibus
320 1960 490 2009 mortuoram
503 1967 616 2022 corpora
632 1963 818 2009 assumantur.
842 1953 966 2010 obeunte
1023 1954 1178 2010 bontntcae
1196 1956 1277 2025 lllll,
1291 1960 1466 2028 porvlidcatus
1481 1977 1547 2018 vero
1564 1964 1657 2022 damni
1669 1967 1809 2027 Coelestiui

178 2062 242 2104 vero
256 2056 293 2115 tu,
309 2059 381 2100 nune
393 2041 515 2112 ejusdem
530 2043 582 2099 loci
599 2045 700 2113 priore,
718 2043 758 2099 vel
775 2055 881 2100 tuortnn
896 2059 966 2115 qno·
1017 2061 1094 2117 papae
1110 2045 1143 2101 lll
1157 2061 1229 2102 anno
1241 2049 1340 2117 priato.

176 2138 241 2194 libet
255 2151 459 2201 suceessorum,
473 2135 563 2192 nullus
580 2137 616 2190 ibi
638 2136 759 2206 qualibet
781 2136 967 2206 subreptionis

176 2231 276 2287 astutia
292 2245 339 2286 seu
362 2227 491 2284 violentia
506 2239 690 2298 praeponatur,
706 2229 756 2284 nisi
770 2243 851 2299 quern
867 2228 966 2285 iratres

176 2324 312 2380 remntuni
326 2337 471 2387 consensu,
483 2319 525 2376 vel
541 2320 654 2376 iratrara
674 2335 738 2390 pars
751 2322 857 2377 consilii
874 2322 966 2378 sartio·

177 2417 226 2483 ris,
241 2413 387 2470 seeundum
405 2413 452 2470 liei
468 2411 593 2467 timorem
607 2413 775 2481 providerint
797 2413 964 2484 eligendam.

221 2505 389 2562 decernimus
400 2513 430 2560 ut
444 2503 509 2558 nulli
523 2502 634 2558 οιιιιιιιιο
649 2504 787 2560 Ιιοιιιιιιιιιιι
802 2503 882 2560 liceat
896 2520 966 2575 pre·

175 2595 966 2668 latameeelesisvatemerepertuvbare,vclejuspossessio·

175 2707 226 2749 nes
240 2689 348 2746 suierre
367 2699 413 2744 aut
427 2689 530 2745 ablatas
545 2691 678 2754 retinere,
694 2689 819 2745 minuere
835 2704 882 2746 seu
903 2689 964 2760 qui-

173 2784 293 2841 buslibet
316 2782 505 2838 vexationibus
531 2782 656 2852 latigare,
672 2781 719 2836 sed
744 2781 834 2837 omnia
860 2782 964 2852 integra

173 2885 371 2934 conserventur
395 2888 499 2938 eorum,
514 2888 562 2944 pra
583 2888 699 2944 qaorum
724 2875 922 2942 gubernatione
936 2884 964 2930 et

174 2969 374 3025 sustentatione
386 2979 517 3022 concessa
531 2975 605 3032 sunt,
617 2967 708 3021 usinrvs
719 2966 883 3022 onrrtimodis
899 2981 964 3036 pro-

173 3063 275 3126 latura,
285 3059 358 3118 salra
373 3059 445 3116 sedis
461 3059 614 3130 apostolice
626 3058 798 3124 auctoritate,
810 3068 837 3115 et
850 3057 962 3118 Florea-

1393 2161 1438 2216 xl.

1018 2245 1178 2330 Ιιιιιιιιιισιιιι
1198 2246 1394 2330 ,Νυκιιιιιιιιιιιιι
1430 2256 1608 2320 patrocinium
1642 2259 1754 2329 suscipit
1780 2271 1808 2318 et

1136 2321 1274 2389 prtatlcpiu
1291 2337 1323 2374 cc
1337 2325 1514 2390 possessiones
1536 2328 1686 2395 confirmat.

1167 2411 1281 2482 (Rotae,
1294 2429 1339 2482 ap.
1360 2413 1390 2469 S.
1402 2411 1525 2482 Petrum,
1537 2417 1602 2474 lira.
1614 2419 1656 2488 8.)

1047 2497 1129 2571 [lide
1143 2501 1313 2572 Trnssoseur,
1327 2502 1417 2560 Staria
1427 2507 1456 2560 di
1468 2506 1635 2579 Noaaatala,
1646 2511 1677 2576 ΙΙ,
1692 2512 1770 2587 sset

1384 2619 1440 2677 xtt.

1016 2729 1129 2800 Opissas
1154 2736 1314 2792 subdiacono
1340 2736 1480 2795 Parmensi
1500 2750 1526 2796 et
1549 2744 1677 2814 raspistro
1703 2745 1805 2804 daunai

1050 2800 1201 2872 Berpomati
1224 2811 1333 2863 inuadat
1359 2818 1387 2861 at
1399 2815 1605 2867 controuersiam
1617 2816 1808 2872 iatercaaaas‘·

1050 2887 1094 2926 cos
1112 2876 1279 2956 ιοιιιιοιιιαιιί
1303 2877 1419 2934 ecclesiae
1445 2877 1553 2951 iiipt'aro
1573 2891 1600 2937 et
1623 2883 1656 2941 S.
1681 2883 1806 2956 Prosperi

1053 2942 1163 2998 clertcat
1182 2958 1350 3015 componant.

1158 3055 1274 3126 (Rome,
1290 3073 1335 3130 ap.
1350 3060 1380 3116 S.
1396 3061 1516 3131 Petrum,
1529 3064 1594 3124 Jun.
1610 3065 1666 3138 td.)

175 3152 223 3207 tini
250 3151 370 3222 episcopi
392 3151 524 3206 canoniea
544 3148 662 3217 iustitia.
692 3147 719 3204 Si
747 3163 800 3219 qua
830 3149 914 3220 igitar
934 3151 997 3241 inc
1103 3145 1288 3219 [Transeamus.
1310 3150 1560 3220 lismoallodea„
1578 3156 1714 3230 little]

173 3245 295 3301 laturum
310 3243 496 3300 ecclesiastiea
511 3242 682 3298 secularisve
695 3255 809 3310 persana
826 3241 898 3300 lianc
912 3260 963 3302 ao·
1048 3237 1228 3296 &marinos
1239 3243 1394 3314 episcopas,
1410 3259 1507 3301 servus
1529 3261 1671 3304 serrorum
1685 3249 1744 3311 bct.
1762 3251 1805 3305 dl-

173 3348 237 3394 strae
266 3335 472 3394 constitutionis
502 3335 628 3410 papirium
655 3333 746 3394 selena
778 3347 872 3395 contra
901 3353 961 3396 mni
1013 3331 1091 3387 lectis
1121 3333 1184 3388 llliis
1208 3331 1319 3390 orizon
1346 3334 1513 3392 subdiacono
1546 3349 1640 3394 nostro
1668 3343 1804 3400 canonico

176 3443 277 3487 tenere
291 3427 680 3494 veniretoritaterit,secundo
692 3428 962 3502 tertioqueeoianic
1012 3421 1152 3480 Parmensi
1167 3433 1196 3481 et
1208 3428 1339 3498 napisrro
1353 3425 1449 3482 laxam
1471 3427 1665 3499 Pergamena,
1686 3433 1802 3490 saturon

175 3525 241 3591 nita,
256 3521 308 3578 nis'i
322 3531 428 3579 reatum
443 3536 520 3578 suum
535 3519 615 3591 digna
631 3520 819 3577 satisfactione
834 3535 963 3578 correxe·
1011 3525 1041 3570 et
1054 3514 1232 3584 apostolicam
1248 3516 1476 3573 benedictionem.

175 3615 221 3679 rit,
236 3615 376 3685 potestatis
388 3612 551 3679 honorisque
561 3610 603 3664 sai
615 3617 708 3663 eareat
721 3609 862 3681 dignitate,
872 3623 962 3666 ream·
1046 3605 1085 3660 Ex
1101 3617 1178 3674 parte
1191 3606 1350 3663 dilectorum
1361 3609 1478 3663 liliorum
1495 3621 1648 3668 nostrorum
1659 3616 1800 3686 praepositi

173 3721 228 3776 que
242 3720 272 3761 se
286 3704 378 3760 diuino
390 3702 493 3773 judicio
506 3702 625 3756 existere
640 3699 674 3756 de
690 3710 844 3771 perpetrata
861 3701 962 3770 iniqui·
1010 3696 1044 3754 P.
1059 3699 1181 3769 magistri
1193 3700 1347 3755 sebolarum
1361 3708 1389 3755 et
1402 3699 1517 3755 aliorum
1539 3705 1731 3761 canonicorum
1746 3706 1801 3763 lle·

175 3791 962 3867 tatecognoscanetasacratissimocorporeaesanguins
1010 3791 1081 3862 pistae
1105 3790 1229 3847 ecclesia
1252 3793 1332 3847 uobis
1360 3801 1402 3849 est
1427 3793 1540 3864 querela
1567 3797 1803 3868 proposita,qaod

175 3889 222 3945 liei
247 3897 276 3946 et
302 3885 407 3942 bontitti
434 3883 625 3955 liedeatptoris
652 3883 738 3938 nostri
766 3881 831 3938 lesu
857 3881 959 3938 Christi
1010 3883 1172 3952 prepositus
1194 3880 1289 3938 Sancti
1312 3881 1441 3954 Prosperi
1470 3899 1531 3940 cum
1557 3883 1664 3940 clericis
1690 3888 1750 3942 suis
1768 3888 1804 3942 ad

176 3983 264 4036 aliena
288 3981 344 4046 liat,
368 3987 450 4047 atque
474 3977 501 4032 ia
528 3986 652 4032 extremo
678 3977 805 4032 examine
829 3975 961 4030 districtae
1010 3975 1802 4043 ecelesiameoruruaccedeaa‚inSablratosauctotertiam

175 4072 270 4128 ultioni
294 4071 444 4141 subjaceat.
469 4068 581 4125 Cunctis
596 4077 689 4134 autem
715 4067 803 4124 eidem
828 4064 887 4122 loca
910 4081 960 4122 sua
1010 4076 1115 4137 partem
1131 4065 1212 4123 allicii
1226 4063 1553 4136 celebrasseontendisas,
1568 4079 1596 4124 et
1608 4069 1734 4127 baculum
1752 4086 1804 4141 pa·

172 4162 233 4230 jura
247 4161 418 4218 servantibus
431 4160 466 4216 sit
479 4174 531 4231 pax
547 4158 653 4214 bomini
670 4158 755 4213 nostri
767 4155 830 4212 lesu
844 4155 959 4225 Christi,
1011 4158 1139 4214 storslem
1156 4162 1190 4212 ad
1208 4160 1437 4215 manutenendum
1455 4159 1483 4214 ir.
1508 4160 1626 4218 sllicitum
1649 4178 1804 4234 exsequeu·

173 4261 307 4323 quatenus
320 4261 347 4307 et
364 4253 410 4306 bic
433 4248 551 4306 iructu'm
573 4249 650 4306 bonae
666 4249 780 4303 actionis
797 4247 960 4318 percipiant,
1011 4250 1074 4305 durn
1100 4249 1200 4313 nitens,
1216 4248 1269 4304 illis
1288 4251 1480 4317 renitentibus,
1494 4252 1630 4318 obtinere,
1648 4267 1729 4322 qrreta
1743 4255 1801 4323 jara

174 4353 203 4400 et
218 4346 290 4417 apud
308 4344 460 4400 districtum
477 4341 596 4412 judicem
618 4342 730 4412 praettxia
755 4349 864 4396 eternae
884 4337 961 4410 pacis
1010 4339 1100 4398 dictus
1122 4339 1251 4411 magister
1277 4338 1308 4394 P.
1334 4341 1368 4395 ad
1391 4357 1469 4396 suam
1493 4341 1654 4413 dignitatern
1676 4354 1802 4413 spectare

174 4438 321 4494 illiluiaul·
334 4437 431 4501 Amen.
447 4449 536 4503 amen,
557 4449 647 4490 arncn.
1011 4436 1156 4508 proponit,
1171 4450 1285 4508 magnas
1311 4437 1349 4492 illi
1373 4438 1487 4508 injurias
1514 4438 1657 4506 irrogavit.
1685 4440 1801 4506 eridara

210 4531 266 4601 ¹38⁰
276 4528 451 4592 Coelesllsstlss
469 4525 612 4582 catholiea
628 4523 754 4580 sectata
766 4523 919 4594 episcopas.
975 4519 1084 4586 Dentur
1097 4545 1130 4586 ex
1142 4529 1249 4586 clericis
1263 4527 1356 4584 Sancti
1370 4530 1495 4599 Praspcri
1508 4530 1684 4598 epistolarum
1698 4530 1799 4586 librum

1011 4622 1046 4677 de
1062 4637 1142 4676 matra
1156 4621 1294 4690 cujusdam
1311 4621 1459 4690 presbyteri
1471 4622 1575 4689 prelati
1591 4621 1687 4690 ltrpini
1697 4637 1803 4692 praepa·

1011 4714 1056 4768 siti
1071 4712 1227 4768 auferentes
1242 4709 1329 4782 ips'urn
1346 4711 1473 4766 manibus
1486 4711 1612 4768 violentis
1624 4710 1730 4782 ialeelis
1740 4713 1802 4782 plu·

1012 4805 1111 4859 rituum
1135 4802 1280 4858 labeneste
1302 4809 1466 4858 tractarunt.
1500 4801 1633 4857 Preterea
1659 4799 1800 4870 cuiusdam

1011 4895 1118 4949 diaconi
1144 4895 1180 4947 ad
1205 4892 1423 4948 annuntiandum
1448 4891 1625 4964 Evangeliuat
1651 4892 1801 4962 preparati

1011 4988 1113 5054 albana,
1128 5001 1181 5056 qua
1197 4986 1306 5041 indutus
1317 4992 1388 5048 erat,
1400 4986 1545 5040 temeraria
1563 4999 1631 5038 arasa
1647 4984 1799 5047 sciderunt,

1010 5083 1038 5132 et
1055 5076 1123 5132 alios
1141 5080 1223 5132 etlam
1248 5089 1379 5132 excessus
1401 5087 1598 5143 praesumpsere
1614 5073 1799 5135 conmittere,

1011 5169 1059 5240 qui
1083 5169 1161 5226 robis
1183 5169 1281 5223 melias
1304 5174 1434 5237 poterunt
1454 5165 1605 5234 explanari.
1621 5163 1646 5218 ls
1665 5177 1729 5218 vera
1752 5161 1799 5231 qui

1011 5276 1061 5332 pro
1077 5269 1156 5331 parte
1170 5259 1308 5330 prepositi
1325 5268 1353 5313 et
1369 5257 1532 5312 clericorum
1554 5253 1647 5309 Sancti
1669 5253 1799 5321 Prosperi

1010 5352 1188 5424 proponebat,
1203 5351 1319 5407 assentit
1334 5349 1406 5419 qttod
1420 5346 1573 5416 praescripti
1597 5345 1757 5412 praepositus
1771 5354 1801 5400 et

1010 5447 1133 5502 canonici
1150 5445 1359 5498 instrumentum
1381 5441 1415 5494 ds
1437 5439 1558 5507 ipsorum
1570 5434 1686 5502 justitiis
1700 5437 1798 5489 conlisi

1011 5536 1061 5593 sibi
1075 5534 1208 5595 lecerunt,
1220 5541 1246 5586 et
1259 5545 1340 5599 super
1350 5527 1456 5598 injrrriis
1466 5527 1651 5591 cattdelarurn,
1662 5527 1799 5580 ctinstru·

1011 5617 1480 5680 mentiscoaxationibusexltibcadis,
1492 5614 1561 5670 etde
1570 5613 1751 5685 appellatione
1763 5617 1798 5672 ad

1011 5730 1061 5769 tros
1074 5712 1230 5782 interposita
1243 5722 1323 5778 super
1337 5705 1499 5777 naribusdam
1516 5706 1630 5760 testibus
1642 5709 1798 5774 producen-

1011 5809 1064 5877 dis,
1076 5817 1103 5862 et
1116 5818 1198 5876 super
1213 5800 1309 5860 baculo
1321 5801 1402 5858 etiam
1414 5798 1542 5870 pastorali
1553 5797 1725 5870 aprrposlto
1739 5796 1797 5868 ipsu

211 4623 265 4690 Ego
281 4619 401 4682 atbnns,
416 4617 578 4674 dlbanensis
590 4618 747 4686 episcopus.

209 4713 264 4784 Ego
279 4710 453 4776 Octavianus,
470 4708 603 4766 Ostiensis
614 4717 642 4762 et
661 4705 836 4762 llclletrensis
850 4707 959 4777 episco-

193 4823 235 4861 us.

174 4821 192 4878 p
209 4899 263 4970 Epo
277 4895 407 4960 loannes,
424 4891 608 4949 Pranestinus
621 4891 777 4961 episcopus.

208 4990 265 5062 Ego
277 4989 462 5058 Pandulpltus,
475 4987 594 5058 presbyt.
602 4986 678 5042 card.
692 4984 813 5043 basilicae
826 4983 872 5038 lllt
883 4984 960 5054 dpa-

169 5083 314 5138 stolorum.

205 5173 262 5245 Ego
279 5172 396 5239 Petrus,
412 5170 532 5242 presbyt.
557 5170 634 5225 card.
654 5166 726 5224 tituli
754 5165 861 5222 Sans-ta
874 5163 960 5222 Casei·

168 5267 223 5323 iia.

206 5359 264 5428 ligo
287 5357 397 5425 Petrus,
411 5357 533 5430 presbyt.
547 5355 624 5412 card.
640 5352 670 5409 S.
686 5351 761 5408 Petri
787 5351 820 5405 ad
846 5348 958 5404 lliaeula

170 5449 314 5509 Eudoxias.

206 5541 263 5613 ugo
277 5542 421 5608 londanus,
431 5529 552 5612 presbit.
566 5537 643 5595 card.
655 5533 762 5591 Sanctae
772 5531 958 5596 Pallantiane,

171 5638 213 5694 tlt.
231 5637 363 5694 Pastoris.

207 5729 263 5798 Epo
282 5729 420 5798 ioanvtes,
441 5729 482 5788 tit.
500 5725 594 5786 Sancti
611 5721 759 5783 clarentis
779 5721 854 5780 card.
871 5719 960 5777 Viler·

171 5819 281 5877 bietvsis.
