4125 6334
143 385 211 441 tlibi
645 383 823 442 bristow
841 384 886 440 ΕΤ
903 383 1109 445 nnittnttnls.
1123 419 1157 434 -
1172 391 1229 446 tii.
1250 395 1328 452 itta.
1703 410 1771 470 tutti

140 500 211 554 bruti
232 498 281 568 qui
305 495 358 554 sibi
383 496 485 554 luerint
506 496 672 566 presentati,
700 496 801 552 nuliam
819 513 931 570 prorsus
945 510 968 561 A
982 499 1086 556 dilectae
1100 501 1179 560 nobis
1203 504 1229 559 iu
1245 505 1354 564 cbristo
1378 509 1449 578 iliae,
1475 516 1663 587 vestrisjuatis
1678 535 1770 592 postu·

139 588 240 644 babeat
254 590 314 647 sinc
329 603 415 645 causa
437 586 592 642 rationabili
606 596 778 656 potestatem.
981 589 1134 663 lotionibus
1157 594 1308 652 cicnrenter
1333 601 1490 672 atrnnimus,
1518 617 1547 662 ct
1574 615 1769 674 tnonasterinm

173 677 249 736 Sa'ne
268 680 405 736 novalium
417 689 570 734 vestrorum
585 684 613 731 el
625 692 720 733 eurum
734 695 795 749 quae
811 681 929 751 propriis
981 693 1114 746 restrum.
1130 684 1156 740 in
1168 701 1223 755 quo
1238 688 1305 748 estis
1321 689 1415 748 divino
1437 695 1573 768 obsequio
1589 699 1768 779 mancipata,

137 771 267 826 manibus
291 779 338 826 ant
364 769 517 839 sumptibus
545 766 670 824 excolitis
691 768 750 823 sive
771 770 928 826 anirnalium
980 775 1035 830 sub
1048 774 1121 831 beati
1138 776 1225 843 Petri.
1242 790 1268 835 ct
1282 789 1375 850 nostra
1404 789 1574 854 protectione
1593 795 1766 868 suscipimug,

136 870 304 926 vestrorunt,
321 860 411 915 nulius
429 857 537 914 anobis
551 858 674 914 decimas
696 859 804 927 exigere
819 869 866 914 aut
880 874 928 915 ex·
978 879 1007 926 gg
1036 873 1162 940 „meme
1193 875 1295 944 serim„
1325 878 1468 953 privilegio
1490 892 1707 962 communitum
1736 887 1765 956 ,ΙΙΙ

138 965 267 1024 torquere
281 959 437 1024 praeornat.
453 950 501 1006 scd
523 951 612 1023 potius
634 949 712 1006 robis
732 959 877 1007 reservatas
897 951 926 1006 in
977 963 1077 1034 primis
1092 966 1227 1037 siquidem
1243 979 1407 1040 statuentes,
1423 984 1454 1031 ul
1468 982 1535 1038 urdo
1547 989 1707 1058 canonicus,
1718 995 1765 1062 qui

137 1062 204 1102 usus
217 1043 412 1115 hospitalitatis
427 1051 632 1097 convertantur.
975 1055 1126 1110 secunlum
1142 1057 1238 1124 boum,
1259 1071 1288 1117 et
1311 1063 1383 1121 bcati
1403 1066 1548 1142 Augustini
1571 1075 1721 1150 Regulam,
1735 1084 1764 1142 tn

173 1136 346 1192 Decernimua
358 1150 435 1205 ergo,
448 1144 478 1189 ut
491 1133 558 1189 nulii
573 1133 685 1191 ommno
704 1134 857 1202 bominum.
874 1150 925 1193 nec
974 1143 1071 1200 eodem
1087 1143 1147 1204 loco
1163 1151 1289 1206 noscitur
1299 1153 1453 1225 institutus,
1482 1168 1623 1232 perpetuis
1639 1169 1676 1228 ibi
1692 1181 1764 1230 tern-

135 1231 261 1302 cpiseopo
271 1229 314 1283 las
324 1228 360 1283 sit
375 1226 518 1297 praelatum
531 1227 686 1283 emrtobium
702 1236 804 1285 temere
815 1241 924 1301 pertur-
974 1233 1099 1304 poribus,
1128 1239 1322 1300 inviolabiliter
1347 1247 1516 1310 observetur.
1533 1252 1666 1316 Protersa
1681 1277 1763 1332 quis.

135 1324 211 1388 bare,
227 1332 273 1376 aut
286 1319 346 1390 ejus
364 1317 552 1389 possessiones
564 1317 684 1381 auferre.
702 1319 745 1376 vel
760 1321 867 1377 ablatas
880 1338 923 1378 re·
972 1339 1082 1398 congrae
1099 1332 1306 1404 possessiones,
1327 1349 1495 1409 quacunque
1521 1343 1602 1410 bono.
1618 1347 1689 1408 idem
1704 1367 1763 1408 nro-

134 1416 232 1480 tinerc,
248 1413 374 1468 minuere
388 1421 437 1466 seu
451 1397 835 1480 qriibuslibet'vexationibus
855 1415 920 1472 lati·
973 1418 1125 1474 nascentum
1136 1417 1222 1487 iuste,
1234 1432 1264 1479 et
1284 1429 1418 1484 canonice
1430 1434 1560 1500 possitlct,
1583 1447 1630 1494 ant
1642 1440 1669 1495 in
1688 1443 1761 1500 luta.

132 1521 218 1578 gare3
237 1505 284 1561 seri
308 1503 400 1560 omnia
417 1504 522 1574 integra
543 1514 740 1561 ‘conserventur
757 1521 851 1562 eorum
871 1514 921 1578 pro
971 1523 1046 1574 rum,
1059 1514 1240 1572 concessione
1263 1519 1431 1587 pontillcnm,
1448 1523 1591 1598 largitione
1608 1547 1701 1604 regum
1718 1542 1760 1594 vet

132 1611 248 1666 unorum
280 1592 479 1666 gubernatione
503 1608 536 1649 ac
564 1592 765 1650 sustentatione
791 1609 919 1652 concessa
971 1599 1136 1669 principum,
1152 1604 1433 1688 oblatiunellitleliunt,
1453 1629 1501 1670 seu
1522 1618 1584 1676 aliis
1602 1621 1686 1688 iustis
1701 1641 1760 1682 oro·

132 1695 205 1752 suin,
222 1685 316 1740 usibus
328 1683 490 1741 oumimodis
504 1681 655 1753 prolatura,
672 1683 747 1741 salta
764 1685 838 1742 sedis
852 1702 919 1757 apo·
970 1687 1023 1753 dis,
1049 1689 1105 1746 beo
1130 1696 1260 1764 propitio.
1287 1699 1387 1768 poterit
1412 1703 1550 1775 adipisci,
1575 1709 1655 1768 lirum
1680 1717 1758 1772 vobi.

130 1777 234 1830 stolicce
257 1775 428 1830 auctoritate.
447 1773 476 1828 st
499 1788 563 1829 vero
585 1775 694 1846 aliquoi
717 1776 850 1846 scriptum
875 1779 916 1834 vel
971 1779 1122 1850 vestrisque
1137 1788 1340 1844 successoribus
1354 1801 1381 1846 et
1404 1793 1507 1852 illibata
1522 1812 1711 1867 permaneant,
1727 1809 1755 1863 t„

130 1868 301 1939 privilegium
320 1876 415 1922 contra
431 1866 500 1922 barac
519 1867 674 1920 libertatem
691 1865 806 1921 robiaet
822 1882 917 1924 ntona·
967 1871 1068 1939 quilius
1092 1873 1150 1930 bac
1174 1879 1293 1950 propriis
1321 1881 1449 1943 duximus
1469 1891 1647 1962 exprimenda
1675 1915 1756 1960 νοω.

129 1957 213 2012 sterio
226 1966 318 2012 restro
334 1970 350 2010 a
365 1953 442 2010 nobis
467 1954 599 2011 indultam
611 1963 639 2008 et
653 1956 794 2024 praesentis
806 1955 916 2026 privile-
967 1964 1056 2022 bistisg

129 2049 165 2121 gii
184 2045 352 2102 auctoritate
371 2043 559 2101 conlirntatam
582 2044 727 2115 aliquando
748 2049 913 2117 apparuerit,
1001 2055 1109 2125 vittam,
1125 2075 1224 2116 trovam
1237 2065 1428 2134 praesinenam,
1442 2085 1535 2130 unam
1548 2112 1752 2138 .........

128 2141 215 2195 cidem
235 2137 354 2192 libertati
372 2135 447 2193 nulla
468 2137 575 2192 ratione
591 2133 758 2206 prajtiuicet.
780 2137 821 2192 Ati
845 2136 915 2193 imii-
965 2143 1112 2210 novalium,
1128 2150 1279 2220 vestrisque
1302 2157 1420 2226 propriis
1434 2161 1570 2230 titanibus,
1586 2166 1752 2238 velannrpti·

126 2230 197 2285 egum
214 2238 304 2285 amem
319 2227 400 2298 hujus
411 2244 428 2285 a
440 2230 505 2286 serie
517 2224 664 2300 apostolica
684 2236 818 2299 perceptas
833 2227 914 2284 liber·
966 2234 1029 2299 bus,
1045 2236 1155 2305 coiitir;
1176 2241 1235 2295 sive
1248 2242 1282 2297 ilc
1293 2245 1466 2304 nturimcntis
1478 2251 1635 2312 animalium
1648 2264 1752 2316 vestro·

128 2326 202 2390 miii,
217 2333 274 2385 trgi
296 2339 396 2380 aurem
411 2337 461 2393 pro
479 2320 645 2378 monasterio
667 2319 757 2382 beatae
781 2319 872 2374 blaciae
886 2329 913 2375 et
965 2339 1025 2380 rum
1038 2365 1047 2394 ‚
1069 2327 1158 2385 nullus
1180 2343 1195 2384 a
1220 2331 1296 2388 robis
1324 2335 1457 2400 decimam
1471 2339 1752 2413 erigerevelextor-

126 2416 220 2471 Sancti
237 2414 530 2472 iiumoniconlessoris
558 2412 691 2484 praelibati
706 2410 912 2467 nabisnostris·
962 2429 1048 2484 quere
1073 2431 1230 2488 praesumat.
1258 2423 1351 2481 Liceat
1378 2443 1487 2499 utroquo
1518 2433 1594 2492 vobis
1618 2452 1750 2508 personas

125 2523 179 2578 que
193 2507 397 2563 successoribus
409 2507 487 2562 annis
500 2504 615 2576 singulis
629 2502 788 2560 exsolvetis.
963 2507 1079 2576 liberas,
1093 2523 1120 2568 et
1139 2503 1294 2581 absolutas.
1310 2531 1326 2573 e
1354 2522 1454 2579 seculo
1474 2522 1608 2597 lngieittos
1626 2531 1661 2587 al
1682 2549 1749 2590 con.

162 2595 191 2649 si
204 2609 258 2665 qua
269 2595 350 2666 igitur
365 2596 392 2652 in
408 2594 524 2651 inturnm
536 2593 722 2650 ecclesiastiea
738 2591 912 2648 saectrlsrisve
962 2603 1146 2660 versationem
1166 2617 1284 2664 vestrano
1302 2611 1441 2682 reciperer
1456 2626 1482 2672 et
1504 2631 1551 2675 cas
1569 2619 1672 2694 absque
1684 2641 1752 2683 con·

124 2702 242 2757 persona
257 2686 327 2743 banc
341 2695 441 2742 riostrce
452 2686 654 2743 constitutionis
668 2684 794 2756 paginam
817 2684 908 2740 selem
963 2693 1128 2758 tranictiune
1138 2695 1230 2768 aliqua
1242 2699 1372 2760 retinere.
1385 2704 1567 2774 ¹probibemus
1584 2714 1705 2786 insuper,
1720 2729 1749 2776 nt

124 2788 222 2835 cotnra
245 2793 305 2834 earn
320 2787 422 2834 temere
437 2766 530 2834 uenire
549 2777 705 2842 tentaverit,
720 2775 841 2836 secundo
854 2783 911 2832 let*
965 2780 1031 2836 nulli
1048 2799 1171 2841 sororum
1183 2798 1347 2860 uestrarum,
1359 2796 1527 2866 postlaetnm
1539 2801 1569 2858 in
1585 2813 1676 2864 vostro
1688 2825 1747 2866 mo·

125 2870 196 2925 tiore
207 2870 381 2934 conirrronita.
392 2869 414 2924 si
427 2884 480 2924 non
490 2867 676 2924 satislactione
688 2881 806 2943 congrua
816 2881 910 2922 emen·
962 2877 1083 2930 naslerio
1109 2876 1319 2952 professionem,
1341 2885 1384 2950 las
1411 2889 1456 2952 sit.
1480 2892 1584 2960 absque
1608 2897 1747 2966 priorissas

124 2964 243 3027 «laverit,
257 2962 399 3031 potestatis
413 2959 581 3030 honorisque
601 2960 642 3016 sni
658 2957 790 3029 dignitate
802 2967 907 3025 eareat,
961 2963 1089 3032 licentia,
1124 2967 1174 3022 nisi
1192 2972 1320 3028 arctioris
1347 2978 1486 3048 religionis
1516 2984 1689 3053 obterumde
1713 3008 1762 3056 eo.-

124 3067 253 3124 rostrique
270 3069 302 3109 se
322 3052 414 3108 divino
427 3051 533 3122 iudicio
554 3056 674 3107 existere
696 3051 730 3108 tle
752 3058 907 3124 perpetrata
960 3054 1118 3122 discedam
1136 3055 1322 3117 discedentem
1337 3079 1418 3131 vero,
1436 3071 1539 3141 absque
1561 3080 1745 3138 communium

123 3146 266 3214 iniquitate
280 3151 438 3213 cognoscat,
454 3150 482 3198 et
500 3159 516 3197 a
536 3141 725 3199 sacratissimo
743 3155 859 3210 corpore
873 3148 944 3210 acc
961 3141 1117 3203 litterarum
1137 3151 1275 3219 cautione,
1298 3154 1390 3214 nullus
1412 3161 1511 3218 audeat
1526 3168 1654 3227 retinere.
1677 3175 1746 3232 Gnm

122 3237 252 3308 sanguine
277 3234 324 3290 liei
349 3243 378 3289 el
402 3234 508 3291 [lomim
524 3233 713 3303 Redemptoris
734 3231 819 3289 nostri
842 3230 905 3287 lesu
961 3247 1053 3294 autem
1073 3241 1385 3312 generaleinlerdictnm
1400 3257 1479 3307 terra
1493 3245 1590 3326 interit.
1603 3260 1683 3321 liccat
1699 3282 1746 3320 vn·

120 3329 221 3384 libristi
234 3327 321 3382 aberra
334 3323 393 3395 bat,
404 3335 485 3397 atque
499 3326 525 3382 in
537 3335 660 3382 extremo
670 3325 796 3383 examino
811 3321 904 3380 listri-
961 3327 1130 3393 binciensis
1142 3329 1243 3401 januis,
1263 3338 1382 3394 exclusis
1404 3347 1647 3407 excommunicatis
1660 3363 1687 3412 et
1702 3356 1745 3412 in·

121 3431 173 3477 ctae
186 3420 279 3475 ultioni
293 3419 442 3487 subiaceat.
960 3418 1093 3486 terdietls.
1114 3435 1167 3478 non
1182 3425 1298 3492 pulsatis
1318 3434 1472 3502 campanis,
1497 3449 1642 3506 suppressa
1665 3459 1743 3512 voce,

156 3513 266 3568 Curictis
280 3522 373 3567 autern
391 3508 479 3566 eidem
501 3510 561 3566 loco
578 3510 652 3580 justa
674 3511 845 3566 servantibus
864 3508 903 3566 ιιι
934 3511 1146 3586 pliviiraoliieio
1161 3514 1311 3572 celebrare.
1326 3517 1369 3574 tn
1383 3519 1441 3577 bac
1452 3527 1617 3584 auctoritate
1633 3545 1743 3601 aposto·

118 3620 173 3676 pax
188 3603 305 3668 ,botuuini
330 3603 416 3659 nostri
440 3601 504 3658 lesu
529 3601 642 3667 Cbristi‚
654 3612 789 3670 quatenus
811 3610 841 3655 et
859 3601 905 3654 bic
957 3597 1009 3653 lica
1025 3600 1213 3671 probibemus,
1227 3612 1255 3658 ut
1269 3604 1334 3660 nulli
1349 3605 1431 3676 liceat
1442 3609 1469 3665 in
1481 3615 1589 3681 ronnei
1606 3632 1743 3678 monaste·

119 3696 240 3750 lructnm
251 3695 329 3750 buucc
342 3694 459 3750 actionis
468 3691 630 3763 percipiant,
642 3701 669 3748 et
683 3691 711 3746 in
722 3691 812 3744 lutura
833 3693 903 3760 apati
958 3689 1039 3753 rium,
1055 3688 1114 3743 alne
1138 3691 1280 3748 ritoniicsta
1299 3702 1327 3749 et
1352 3695 1505 3758 rationabili
1530 3717 1613 3760 causa
1635 3723 1743 3766 excom·

118 3790 272 3844 ‘nmmum
303 3784 423 3857 juggoem
449 3785 560 3858 „muita
586 3793 696 3840 aeternas
725 3783 799 3853 pacis
827 3782 904 3838 inva-
957 3779 1151 3838 mrrnicationis
1165 3783 1207 3839 rel
1218 3784 1354 3842 interdicti
1379 3793 1543 3849 sententiam
1558 3800 1739 3872 promulgare.

117 3882 205 3936 niam·
613 3889 617 3894 -
955 3868 1092 3930 Preterca
1118 3875 1338 3934 institutionesa
1364 3883 1512 3940 reiterabili
1535 3887 1621 3946 tratre
1647 3903 1746 3962 inostro,

155 3972 251 4028 parurn
260 3971 400 4039 Laterani,
416 3985 465 4041 per
477 3987 585 4026 triarnum
597 3967 698 4040 Egiilii
714 3965 744 4022 S.
759 3965 860 4023 Nicoiai
874 3967 902 4023 in
954 3962 1042 4020 Oscen
1055 4005 1063 4020 .
1077 3965 1218 4038 episcopo,
1228 3978 1258 4024 et
1272 3969 1374 4029 diiecto
1389 3973 1444 4031 llio
1457 3975 1742 4054 magistro'bospitalia

116 4064 234 4118 tlaroere
247 4061 372 4118 Tulliano
392 4061 500 4118 diaconi
523 4059 682 4123 cardinalis,
699 4073 726 4112 tv
740 4055 802 4113 llal.
817 4055 901 4122 lunii,
955 4049 1104 4122 [impostae.
1120 4067 1148 4112 et
1161 4059 1222 4115 aliis
1237 4059 1303 4116 viris
1327 4063 1470 4133 religiosis,
1494 4070 1527 4124 de
1551 4086 1664 4131 assensu
1678 4069 1741 4134 c‘bn·

117 4155 152 4212 sb
175 4153 364 4210 lrrcarnatione
385 4151 544 4208 Natiuitatis
568 4151 716 4207 Durninicae
734 4149 901 4217 snirottca,
954 4145 1071 4200 'issima’
1085 4146 1148 4201 ¹¹¹1ae
1164 4159 1264 4204 ⁰⁰⁸¹?ae
1286 4149 1393 4207 Slnelae
1407 4153 1520 4214 illusliis
1551 4164 1650 4234 rcgittae
1670 4168 1740 4222 bra-

117 4246 293 4319 pgmgpoetns
312 4244 404 4303 unitim
429 4241 676 4306 uostri·coelestiui
691 4256 769 4312 papae
781 4237 913 4296 illatum.
953 4248 1066 4304 genum,
1083 4235 1110 4289 in
1135 4235 1194 4306 ipso
1224 4241 1390 4296 ntonsstcrio
1414 4239 1737 4322 rationabilitcr'lactas.

118 4340 209 4398 tenio·
956 4325 1121 4382 auctoritate
1135 4328 1284 4397 apostolica
1299 4332 1502 4392 conlirmamus.
1526 4337 1649 4398 0bcunte
1673 4361 1738 4402 vero

449 4450 544 4509 cm
953 4426 992 4482 te,
1016 4431 1089 4471 nunc
1103 4416 1223 4488 ejusdem
1236 4417 1286 4473 loci
1300 4422 1442 4489 priorIssa‚
1465 4425 1507 4479 vel
1521 4441 1614 4484 eanum
1629 4433 1731 4504 aliqua,

117 4547 144 4608 Ρ
272 4547 279 4560 .
332 4548 338 4560 .
441 4542 447 4553 ·
521 4539 581 4594 tt·
671 4538 741 4593 md
759 4539 780 4592 it
806 4546 832 4592 a
856 4488 1014 4591 wulpam
1033 4505 1081 4561 tibi
1093 4505 1357 4570 successeri13oulla
1373 4509 1409 4565 ibi
1422 4513 1739 4592 quislibetsubreptionis

142 4546 791 4682 mmoffirfioxiprflrrroilzzinomgirmmf'
837 4554 855 4608 Ρ
954 4593 1068 4659 astutia,
1084 4609 1132 4650 scu
1153 4595 1280 4650 violentia
1300 4610 1483 4668 praeponatur,
1500 4605 1552 4661 nisi
1567 4621 1649 4676 quam
1662 4625 1733 4668 soro·

375 4701 524 4774 (Laterani,
534 4699 598 4754 luit.
613 4697 653 4765 ι.)
954 4697 998 4739 res
1012 4687 1151 4739 communi
1177 4699 1320 4755 consensu,
1338 4691 1379 4746 vel
1411 4705 1536 4748 sororum
1565 4697 1653 4766 majos
1674 4715 1738 4770 pm

129 4801 210 4858 Basso
247 4795 417 4854 Dell’iatoric
440 4791 610 4845 relincuere
631 4784 710 4841 milit.
726 4785 754 4838 ci
776 4783 863 4851 διον..
879 4807 900 4849 i,
952 4772 1059 4828 corrsilii
1078 4774 1205 4839 sanioris,
1223 4777 1373 4833 senatulum
1391 4779 1438 4836 liei
1456 4781 1590 4856 timorem,
1611 4796 1639 4842 et
1664 4777 1743 4846 beati

116 4802 127 4875 [
213 4839 222 4866 ’
438 4857 513 4932 agg]
952 4859 1096 4932 Augustini
1114 4863 1253 4934 Regulam,
1266 4869 1433 4936 providerint
1444 4871 1604 4945 eligendam.

148 4981 331 5036 coesssrmns
348 4971 613 5042 episcopusservus
631 4982 771 5025 serrorum
788 4967 849 5034 bei,
859 4968 901 5026 ng.
988 4953 1166 5012 becernlntus
1176 4973 1242 5030 ergo
1258 4972 1287 5017 nt
1303 4960 1368 5018 nulli
1380 4963 1492 5021 omnino
1506 4967 1645 5024 bominum
1657 4969 1737 5026 liceat

114 5071 195 5126 lectis
210 5067 238 5120 in
251 5065 363 5122 Christo
376 5061 485 5118 bliabus
503 5061 653 5134 priorisse,
666 5067 693 5114 el
713 5058 853 5116 sororibus
866 5059 900 5114 dc
950 5045 1094 5115 i‘fflfilum
1127 5051 1323 5150 ¹J¹⁰¹¹²⁵¹0¹5⁰¹¹¹
1351 5063 1456 5110 ‘0⁰¹⁰ss
1483 5060 1660 5129 Wfflibffl·
1689 5075 1737 5116 Νι
1774 5131 1775 5134 ,

114 5159 230 5220 Sirena,
245 5163 301 5210 tam
318 5151 590 5224 praesentibusquan
612 5147 723 5215 lutaris,
747 5147 898 5218 regularem
950 5133 1010 5204 ‘1⁰⁸
1021 5148 1210 5206 90⁸⁵0⁸⁸¹⁰¹¹²⁸
1225 5139 1588 5212 issseiffliiblilwefineilb
1603 5151 1734 5220 minuere·

114 5249 197 5304 eitam
213 5242 404 5316 profluentibus
418 5241 445 5294 in
460 5256 488 5311 p.
504 5255 541 5297 m.
950 5241 999 5283 soti
1014 5227 1183 5297 quibuslibet
1206 5233 1393 5292 uexationibus
1421 5239 1580 5305 parturbare
1592 5254 1600 5303 ;
1613 5239 1660 5294 sel
1674 5257 1736 5296 onr-

152 5335 334 5392 Prntlentibus
346 5319 511 5403 virginibus,
527 5345 590 5400 quaa
614 5327 665 5384 sub
677 5326 770 5384 babitu
787 5328 901 5400 religim
941 5320 996 5406 ⁴nia
1008 5321 1114 5392 integra
1128 5331 1327 5381 conserventur
1341 5341 1435 5382 eorum
1445 5341 1616 5416 proauorum
1630 5343 1737 5388 straten·

120 5429 175 5497 nis,
190 5425 312 5482 accensis
325 5422 506 5493 lampadibus,
519 5419 620 5490 ingiter
634 5432 664 5474 sa
682 5427 836 5488 praeparant
858 5418 899 5475 ire
952 5411 1055 5466 tatione
1074 5425 1203 5468 concessu
1229 5422 1311 5483 snttt,
1334 5417 1430 5470 usibus
1452 5419 1566 5474 omnino*
1583 5420 1734 5489 prolatura.

116 5517 226 5578 obviam
240 5528 352 5586 sponso,
368 5512 519 5584 apostolica
532 5510 611 5566 seties
622 5523 701 5564 snum
717 5506 796 5562 debet
805 5516 898 5578 patro-
949 5503 1024 5558 salra
1038 5500 1110 5558 sedis
1123 5503 1277 5572 apostolicae
1286 5506 1457 5571 auctoritate,
1470 5515 1497 5562 et
1507 5509 1628 5578 magistri
1643 5511 1734 5582 bospi-

113 5609 218 5666 eiciam
250 5603 395 5676 nmmum,
419 5618 454 5658 ne
477 5604 548 5658 torte
572 5600 716 5669 cujuslibet
736 5597 898 5656 teineritatis
950 5593 1267 5696 trlisEurpoatartiebita
1295 5595 1456 5649 reverentia.
1481 5595 1510 5652 Si
1539 5612 1594 5668 qrra
1609 5599 1693 5677 igitur
1706 5603 1744 5657 in·

114 5703 254 5763 inomaus,
263 5705 313 5761 ‚aut
325 5709 373 5751 eas
395 5709 412 5750 a
438 5693 579 5767 proposito
609 5699 731 5754 revocet,
745 5688 897 5754 autrobur,
952 5687 1073 5742 loturum
1096 5683 1295 5750 ecclesiastica,
1318 5683 1490 5788 saecularisve
1514 5701 1639 5758 persocia.
1665 5691 1736 5754 bane

113 5792 189 5864 quod
204 5788 292 5844 obsiti
311 5769 397 5842 sacrae
421 5783 561 5857 religionis
575 5780 713 5853 infringat.
737 5782 885 5852 liprooter
953 5785 1054 5834 uostris
1068 5775 1273 5834 constitutionis
1298 5787 1425 5846 paginam
1451 5791 1542 5833 sciens
1567 5789 1741 5840 cntrtraoanr·

216 5882 351 5940 cretos.
373 5877 477 5938 cett.
1574 5867 1614 5927 ³2
