4125 6334
252 354 305 415 les
731 357 861 415 ttlolldl
879 359 1034 417 ClSTERG.
1055 360 1099 417 sl
1116 363 1211 419 tund.
1233 360 1372 419 stolum
1833 363 1885 419 bid

224 511 226 514 .
252 470 358 524 rimant.
374 469 464 527 Prima
478 473 505 527 iu
520 453 678 541 paenitentia
691 482 720 526 et
730 471 909 541 conlessione,
921 476 1039 533 secttnda
1054 485 1078 543 Α
1127 478 1242 534 Dilectus
1257 494 1329 533 meur
1341 476 1412 531 misit
1436 492 1541 531 nrnnnnt
1556 492 1633 531 ruam
1656 493 1702 541 per
1715 478 1844 547 foramen.
1859 492 1885 534 et

254 564 381 637 inaspero
390 568 685 633 conuersationrpento
698 565 725 621 in
734 566 810 623 illota
824 569 1043 644 passione.111
1099 582 1185 625 tenter
1197 586 1269 624 mern
1286 569 1420 623 intremuit
1434 568 1469 621 od
1480 577 1580 621 tactum
1591 568 1657 637 einr.

253 657 292 712 be
307 656 502 725 prlrtrazbabin
517 658 590 711 illins
609 659 737 715 stillantia
763 662 896 732 nrprrlranr
917 664 1044 731 primam.
1134 658 1244 732 [Cium]
1256 662 1294 713 dc
1309 660 1330 713 si
1353 658 1423 712 dicat
1442 672 1450 709 t
1466 656 1581 711 Dilertnr
1600 672 1691 721 meur,
1706 656 1777 709 Deus
1792 655 1883 722 Pater,

253 748 290 803 lle
302 750 440 803 secondo:
455 768 464 801 ι
479 750 560 816 Quasi
578 753 689 822 rrryrrlnr
703 753 788 809 electa
805 753 866 809 dedi
878 754 1040 811 suauitatem
1095 754 1165 807 misit
1178 768 1283 807 nrnrrnnr
1301 766 1387 816 suurn,
1395 750 1421 804 id
1435 758 1476 805 est
1484 748 1581 805 Filium
1590 764 1681 813 suum,
1692 764 1738 818 prr
1752 748 1883 815 [orarrren.

252 836 421 896 dimisit-⁸⁸.
439 860 448 893 r
466 841 502 896 De
519 842 597 898 tertia
610 842 709 914 :ssipiti
724 845 775 899 rnei
781 844 851 914 pleni
862 845 967 915 mprrlra
977 862 1039 913 pro·
1093 846 1120 900 ld
1133 856 1173 901 est
1184 861 1231 915 per
1242 858 1334 898 ornnem
1348 858 1445 898 nicam.
1464 842 1539 899 Unde
1554 842 1587 897 de
1599 842 1655 912 ipsa
1663 841 1736 897 corrit
1744 840 1863 897 Ecclesia
1876 859 1884 897 r

251 927 396 988 larintna.
422 930 513 1003 ltaque
538 933 618 990 debet
643 934 749 1006 aperire
772 950 900 1004 manum,
924 938 1032 1005 aperire
1093 938 1259 1009 «Corrcipies
1274 953 1322 1009 per
1337 952 1429 992 aurern
1442 938 1537 1001 lienum
1556 936 1644 1005 pories
1666 945 1693 991 et
1707 936 1883 991 nerninem.»

251 1019 384 1091 lingulam,
399 1026 506 1094 aperire
520 1040 569 1083 cor
579 1042 658 1083 suum
671 1044 679 1083 ι
692 1040 803 1082 monum
815 1026 849 1081 ad
863 1027 1041 1098 eleorrtospnae
1093 1028 1128 1085 b't
1144 1040 1231 1086 serrter
1247 1046 1330 1095 meur,
1342 1038 1452 1101 propter
1481 1028 1660 1085 reverenciam
1677 1028 1744 1082 tanti
1759 1026 1884 1099 hospitis.

251 1116 401 1185 dationem,
426 1119 546 1192 lirrpuam
572 1123 607 1177 ad
627 1120 736 1176 laudem
762 1128 791 1175 et
804 1120 1039 1191 pradicationem,
1093 1122 1228 1177 intremuit
1241 1122 1275 1175 nri
1290 1130 1389 1176 tactum
1407 1122 1483 1190 ejus:
1503 1134 1564 1175 cum
1591 1134 1634 1174 rue
1655 1117 1760 1175 scilicet
1780 1118 1885 1189 tetigi13

251 1223 301 1263 cor
328 1209 361 1263 ad
388 1210 572 1267 devotionem.
598 1212 635 1268 lle
660 1214 792 1283 primore
825 1210 934 1267 bunum
962 1226 1039 1267 suam
1093 1214 1168 1267 etde
1187 1226 1273 1268 carue
1295 1228 1355 1267 mea
1383 1211 1519 1282 separarit
1536 1224 1659 1271 caruem,
1684 1224 1766 1281 quom
1788 1209 1840 1265 sibi
1858 1210 1884 1263 iu

252 1302 360 1368 sperarit
372 1302 485 1373 inopi⁸⁸.
504 1321 513 1355 ι
534 1304 572 1357 lle
586 1305 724 1360 secondo:
740 1321 753 1358 ι
770 1302 853 1373 spen
865 1317 897 1358 os
913 1310 987 1357 tumn
1013 1309 1041 1357 et
1093 1318 1192 1373 corpus
1211 1302 1358 1357 humanum
1376 1300 1503 1357 lornant
1516 1309 1543 1355 et
1559 1300 1674 1371 aptarit.
1695 1299 1763 1367 Quin
1778 1312 1844 1355 uero
1858 1300 1886 1353 iu

252 1390 382 1446 Dominus
409 1393 531 1462 implebit
543 1394 607 1449 illud
622 1394 656 1459 δ’,
675 1412 686 1447 ι
701 1393 738 1448 lle
753 1394 854 1450 tertio:
868 1410 879 1444 r
894 1394 1041 1463 Adsperiot
1097 1408 1164 1451 uoco
1177 1392 1309 1464 pulsantis
1330 1396 1499 1464 proconesum
1519 1402 1560 1449 est
1572 1409 1580 1448 ι
1592 1393 1670 1464 Aperi
1695 1394 1773 1459 rrrilri.
1796 1392 1887 1447 subdit

253 1482 382 1539 Dominus
402 1498 450 1539 cor
463 1492 583 1539 restrum
610 1484 637 1539 in
654 1484 715 1554 lege
729 1498 791 1551 soa,
805 1492 834 1538 et
851 1483 878 1538 in
902 1485 1042 1553 praecptis
1099 1487 1176 1543 beata
1193 1486 1297 1557 virro:
1315 1484 1435 1554 surrexi,
1449 1496 1477 1541 ιιι
1499 1487 1629 1557 anensem
1653 1485 1750 1540 dilecto
1775 1500 1845 1541 meo.
1857 1492 1888 1541 et

251 1572 310 1627 suis
322 1572 370 1627 ἰι
392 1572 442 1628 Cui
460 1582 501 1627 est
516 1574 602 1630 bonor
614 1581 643 1629 et
655 1573 740 1644 gloria
762 1574 789 1630 in
816 1572 916 1629 accola
931 1574 1044 1629 seculo·
1098 1587 1157 1651 post
1173 1579 1407 1651 interpositionem
1429 1578 1546 1649 aliquem
1562 1579 1635 1635 addit

250 1678 322 1719 rrrtu.
335 1665 432 1720 dinen.

260 1840 485 1865 —.-,.„..

811 2002 992 2093 LlBER
1019 2000 1312 2095 OCTAVUS.

286 2379 425 2439 Perrslrnn
440 2385 502 2439 ostii
519 2385 569 2441 nri
581 2385 673 2452 aperui
685 2384 781 2441 dilecto
803 2399 871 2439 rneo.
884 2385 918 2439 dt
932 2382 977 2439 ille
996 2382 1043 2439 de·
1060 2399 1082 2455 Β
1096 2382 1222 2455 subripit.
1240 2380 1361 2437 Primum
1376 2380 1484 2439 volebat
1496 2379 1583 2437 claudi
1599 2380 1644 2452 qui
1660 2380 1788 2439 dicebat:
1807 2401 1817 2435 ι
1836 2380 1881 2439 Po

250 2477 479 2549 rimaneratatpue
489 2481 641 2535 transierat.
1090 2488 1136 2542 ne,
1159 2475 1284 2539 bomine,
1301 2474 1456 2529 'custodiam
1470 2473 1511 2530 ori
1523 2486 1599 2539 meo,
1614 2481 1642 2527 ct
1666 2473 1893 2531 circumstantius,

279 2565 379 2646 Ι[Τιιο]
398 2566 539 2625 Pettulum
567 2570 630 2625 ostii
651 2569 695 2626 sui
715 2572 806 2624 anirna
824 2583 925 2640 sponso
938 2570 1037 2638 aperit,
1089 2566 1169 2622 labiis
1181 2566 1248 2621 meis
1259 2566 1309 2621 ll.»
1325 2564 1527 2636 llincestrprod
1539 2564 1667 2620 Dominus
1680 2565 1887 2621 clausitostinm

250 2673 312 2715 curu
326 2673 375 2714 cor
389 2675 466 2715 suum
481 2662 572 2716 divina
586 2661 714 2717 insitione
728 2662 835 2731 dignum
848 2661 921 2717 lacit.
939 2661 1039 2717 Pessu-
1089 2672 1160 2713 arcae
1174 2671 1189 2710 a
1201 2655 1279 2713 loris
1296 2655 1335 2711 lie
1349 2656 1467 2711 secundo
1481 2671 1489 2709 r
1508 2673 1518 2707 ι
1533 2655 1600 2710 Cum
1611 2669 1684 2721 oras,
1701 2655 1771 2710 intra
1793 2656 1821 2709 in
1836 2670 1886 2709 ou-

250 2748 307 2805 lum
326 2750 424 2821 aperit,
448 2766 511 2805 cum
533 2751 623 2806 subita
647 2750 825 2821 inspiratione
849 2752 882 2807 ad
906 2752 1038 2808 desideria
1089 2745 1207 2801 biculum
1232 2755 1326 2811 tuum.
1350 2753 1379 2799 et
1402 2744 1494 2800 clauso
1520 2745 1589 2799 ostio
1616 2754 1681 2809 tuo,
1702 2760 1748 2802 ora
1774 2743 1886 2801 Patruus

251 2839 404 2896 caelestium
419 2854 546 2905 accensa,
562 2841 663 2911 satagit
688 2839 768 2896 latius
781 2843 871 2898 sinum
894 2844 991 2898 uternis
1003 2846 1039 2898 ad
1090 2837 1229 2892 tonnella
1248 2835 1317 2892 llinc
1335 2836 1465 2907 estquod
1482 2836 1578 2891 mulier
1593 2835 1626 2891 ad
1640 2846 1803 2906 praeceptum
1820 2850 1885 2905 pro·

250 2931 410 3001 capiendum
424 2940 533 3001 gustum
546 2933 664 3001 ejusdcm
676 2948 799 3004 superna
810 2934 960 2991 dulcedinis
973 2948 1038 3005 upe-
1091 2932 1179 3004 pheta
1193 2932 1310 2987 lundens
1335 2930 1423 2986 oleum
1445 2930 1543 2986 clausit
1566 2932 1665 2985 ostium
1689 2946 1772 3001 super
1791 2946 1835 2996 se,
1858 2941 1888 2987 et

248 3024 317 3077 rire.
335 3020 413 3077 Prius
424 3023 536 3079 soluerat
548 3038 663 3093 sponsus
685 3040 793 3081 triarnum
807 3041 883 3081 sunm
897 3041 945 3099 per
963 3026 1038 3082 lora·
1088 3038 1170 3095 super
1188 3022 1272 3079 ssliurn
1283 3037 1361 3077 suurn
1373 3021 1407 3079 ¹⁸.
1424 3020 1461 3077 lle
1476 3023 1555 3077 tertio
1568 3022 1593 3077 in
1606 3021 1772 3092 Evangelio:
1789 3040 1799 3075 ι
1819 3022 1888 3089 Quis

250 3126 312 3167 nien
324 3128 332 3181 ;
346 3111 417 3167 unde
428 3113 601 3168 sebemeuter
615 3128 742 3180 accerses,
756 3129 809 3170 non
822 3114 877 3184 ianr
900 3130 948 3185 per
964 3114 1053 3171 ιιιιει-Ι
1090 3128 1210 3175 restrium
1220 3112 1503 3183 lusbetanricunr‚rnui
1512 3110 1886 3182 undensdiritpeteutizrllo·

250 3204 332 3261 minis
354 3192 586 3277 augustianam
607 3206 727 3279 plenario
747 3217 840 3281 aperta
860 3209 944 3279 jarius
965 3208 1038 3265 lelici
1091 3207 1110 3263 li
1133 3208 1198 3263 milri
1219 3208 1349 3265 rtrolestus
1371 3222 1440 3275 este,
1457 3207 1514 3276 iam
1536 3210 1633 3263 ostium
1648 3220 1738 3261 meum
1761 3208 1884 3263 clausum

251 3299 394 3368 complexu
408 3299 567 3369 perfruitur.
586 3300 640 3357 Sed
653 3300 716 3372 quia
740 3301 861 3373 plenarie
874 3304 902 3357 iu
919 3304 970 3359 bac
982 3303 1038 3357 sita
1091 3308 1146 3367 est,
1171 3310 1198 3355 et
1212 3302 1287 3370 pueri
1302 3302 1354 3357 mei
1370 3316 1475 3357 mectnn
1491 3311 1554 3357 sunt
1570 3302 1595 3355 in
1610 3301 1712 3357 leclo⁶⁸
1723 3302 1754 3356 ln
1772 3300 1829 3357 lloc
1842 3308 1886 3355 est

249 3403 302 3443 ιιοιι
325 3390 539 3459 potestboberl.
565 3392 724 3466 subjungit:
741 3394 774 3449 dt
799 3394 844 3450 ille
861 3394 1038 3449 declinauerat
1096 3391 1196 3446 ostium
1215 3392 1249 3447 ad
1276 3392 1347 3464 quod
1363 3391 1555 3462 perseverabat
1576 3390 1674 3449 Petrus
1688 3392 1812 3461 pulsans.
1825 3388 1885 3446 ela·

248 3490 326 3551 arnae
339 3484 493 3542 transierat.
510 3485 568 3540 lloc
584 3494 627 3541 ert
646 3484 719 3555 quod
743 3484 782 3539 ait
804 3484 888 3540 llarid
901 3500 908 3539 ε
923 3504 934 3538 ι
950 3485 1038 3541 dece·
1089 3496 1154 3551 psus
1169 3484 1202 3538 do
1216 3496 1337 3551 earcere,
1349 3483 1394 3539 ubi
1409 3490 1490 3539 eraut
1512 3482 1604 3537 caeteri
1627 3482 1742 3553 apiostoli
1755 3483 1788 3539 ⁸¹.
1817 3482 1885 3538 Pos-

248 3578 296 3631 dat
310 3577 391 3632 lromo
402 3578 436 3631 ad
459 3592 508 3633 cor
522 3577 605 3631 altum
626 3586 655 3633 et
674 3576 838 3633 exultabitur
857 3576 987 3635 beus⁸¹.r
1005 3577 1039 3635 Et
1089 3583 1152 3631 sunt
1167 3576 1261 3631 eadem
1272 3574 1342 3641 ostia
1357 3576 1428 3631 bene
1443 3575 1557 3645 aperiri.
1571 3574 1693 3631 Primum
1709 3574 1835 3646 aperitur
1846 3576 1881 3631 ad

248 3665 396 3723 Salomone
415 3684 426 3718 r
446 3667 517 3731 bisi,
537 3666 653 3736 Sapiens
678 3666 789 3733 efficior,
806 3678 835 3725 et
860 3669 916 3740 ipsa
931 3672 1038 3741 longius
1088 3668 1257 3738 puritatem,
1274 3668 1422 3724 secuudum
1435 3668 1469 3724 ad
1483 3668 1638 3733 veritatem,
1652 3669 1761 3725 tertimn
1778 3672 1812 3724 ad
1826 3671 1884 3725 cla·

250 3758 363 3812 recessit
375 3772 390 3813 a
404 3772 449 3812 me
460 3757 511 3812 ¹¹.»
531 3755 587 3813 Neo
611 3759 678 3815 dixit
690 3760 851 3831 siropliciter
862 3764 974 3829 ostium,
989 3766 1037 3819 sed
1052 3754 1073 3813 G
1090 3761 1210 3816 ritatem.
1230 3760 1350 3816 Primum
1366 3768 1396 3815 ut
1409 3771 1537 3829 peccator
1553 3772 1696 3830 susceptus
1711 3760 1881 3829 purificetur,

251 3847 388 3910 pessulum
404 3848 478 3902 ostii.
491 3847 632 3905 Clauserat
648 3851 719 3905 enirn
732 3859 761 3905 et
770 3851 879 3924 posonio
889 3862 1037 3918 seraverat,
1091 3850 1241 3907 secundum
1263 3861 1292 3904 ut
1308 3850 1467 3918 puritlcotus
1480 3850 1632 3913 erudiatur.
1650 3850 1761 3903 tertium
1776 3858 1805 3904 ut
1818 3864 1881 3905 eru-

248 3935 312 3990 dum
336 3952 386 3992 cor
399 3935 459 4005 ejus
474 3938 502 3992 io
522 3938 607 3993 altum
624 3938 745 4006 levatur,
762 3956 797 3997 ue
807 3942 868 4012 quis
894 3942 1038 4000 insidiator
1089 3942 1161 3998 ditus
1171 3942 1382 4013 contempletur.
1393 3942 1513 3997 Priruum
1531 3951 1675 4011 aperuerat
1693 3940 1744 3997 lob
1760 3943 1805 4009 qui
1825 3943 1879 3997 ait:

248 4026 374 4092 intraret,
393 4029 472 4099 juata
493 4028 558 4085 illud
587 4030 890 4091 Salomonisrromni
913 4036 1036 4091 custodio
1091 4035 1221 4092 «Ostium
1237 4050 1327 4090 meum
1347 4036 1434 4105 putuit
1451 4032 1596 4089 rintori⁸¹.
1616 4033 1798 4089 »Secundum
1816 4048 1880 4103 ape·

248 4132 328 4174 serra
345 4134 395 4175 cor
410 4128 498 4187 tuum,
511 4120 574 4190 turia
587 4137 618 4179 er
634 4123 694 4193 ipso
707 4123 761 4178 rita
776 4125 899 4192 procedit
909 4126 959 4184 ⁸⁸.»
976 4126 1037 4182 Tri·
1088 4135 1180 4180 ruerat
1196 4124 1350 4190 Abrabam,
1368 4126 1414 4195 qui
1440 4126 1560 4181 existens
1576 4125 1603 4179 iu
1625 4124 1696 4179 ostio
1711 4124 1880 4179 tabernaculi

247 4208 309 4279 ples
319 4218 362 4266 est
374 4210 473 4266 ostium
484 4226 493 4266 r
506 4213 624 4281 primum
639 4214 799 4285 disciplina.
815 4218 963 4275 secundnm
981 4219 1036 4274 clr-
1088 4216 1139 4283 sui,
1153 4224 1210 4273 tres
1225 4216 1291 4272 uidit
1302 4224 1331 4271 et
1342 4231 1424 4272 ιιιιιιιιι
1437 4216 1557 4273 adorauit
1570 4216 1603 4275 ⁸⁸.
1622 4215 1742 4271 Tertium
1755 4224 1879 4285 apertum

247 4302 472 4373 cumspectiouls,
488 4304 597 4359 tertium
613 4304 780 4364 solitudinis.
794 4306 832 4364 lle
843 4308 947 4379 primo:
960 4326 970 4361 ι
982 4310 1036 4364 Διι-
1089 4310 1155 4365 uidit
1176 4307 1296 4366 loatrnes
1311 4325 1318 4365 r
1334 4328 1343 4361 r
1363 4308 1433 4374 lidi,
1453 4309 1551 4379 inquit,
1572 4309 1674 4364 ostium
1697 4315 1824 4377 apertum
1851 4309 1878 4363 in

247 4392 518 4464 di‚llli,disoiplinaru
530 4394 613 4465 patris
628 4397 666 4451 tui
677 4395 727 4452 ἰι
737 4396 775 4452 ile
789 4400 909 4455 secundo
922 4417 929 4454 ε
942 4418 952 4451 ι
967 4400 1034 4455 lieu·
1086 4401 1166 4467 caelu,
1179 4408 1207 4456 et
1221 4415 1284 4457 eece
1300 4400 1378 4457 sedes
1389 4403 1476 4471 posita
1487 4410 1548 4455 erat
1567 4400 1594 4455 in
1609 4413 1642 4454 eo
1652 4398 1701 4453 *ιι
1719 4399 1802 4455 Primi
1816 4398 1879 4455 ostii

247 4492 292 4539 tns
317 4483 360 4539 uir
383 4486 429 4556 qui
452 4485 479 4540 in
506 4488 640 4557 sapientia
661 4488 815 4545 rnornbitur
835 4501 863 4547 et
881 4492 907 4547 in
928 4492 1034 4562 institia
1086 4505 1127 4549 est
1152 4493 1289 4565 pessulum
1316 4493 1418 4559 lerror.
1442 4493 1553 4551 seouudi
1577 4492 1669 4559 timor.
1697 4492 1769 4549 tertii
1789 4506 1878 4547 amor.

245 4575 426 4631 inimitabitur
436 4586 464 4632 et
478 4577 505 4631 iu
517 4593 598 4635 sensu
613 4580 743 4650 cogitabit
761 4583 1032 4656 circumspectiones
1086 4586 1188 4642 Feruor
1199 4584 1347 4655 religionis,
1361 4586 1441 4639 timor
1453 4584 1594 4641 diabolice
1609 4583 1724 4653 fraudis,
1740 4596 1818 4638 arnor
1833 4598 1878 4637 co·

246 4667 362 4723 beidi.»
386 4666 415 4722 ln
435 4669 516 4725 tertio
534 4681 593 4726 erat
621 4672 667 4741 quui
690 4672 821 4733 dicebatz
838 4695 848 4729 ι
870 4675 985 4747 llipilari
1006 4686 1035 4735 ct
1085 4676 1247 4747 girosoendae
1269 4690 1393 4746 superna
1418 4675 1604 4731 beatitudinis.
1620 4674 1741 4730 Primum
1754 4674 1879 4745 aperitur

245 4740 407 4815 luctuosum
421 4762 492 4818 sicut
505 4777 600 4833 passer
610 4764 749 4823 solitarius
760 4767 788 4823 iu
803 4778 875 4826 teoto
886 4769 920 4824 ⁸⁸.
940 4789 951 4823 ι
968 4769 1034 4828 llaec
1085 4769 1212 4831 contrito.
1235 4766 1384 4824 secundum
1406 4764 1463 4835 jann
1493 4765 1617 4839 erudito„
1636 4766 1747 4821 tertium
1760 4762 1876 4823 dilecto:

247 4850 419 4905 trialnerunt
430 4852 457 4907 in
469 4853 819 4915 rabenroculo.Primum'in
835 4862 897 4917 atrii
909 4862 1032 4929 introitu,
1084 4864 1207 4921 contrito
1222 4870 1252 4918 ut
1267 4859 1439 4932 ingrediatur
1466 4856 1578 4920 atrium.
1598 4856 1643 4911 ubi
1655 4853 1782 4909 animalia
1798 4854 1878 4909 inve·

247 4940 393 4997 ucundum
406 4946 433 5000 in
451 4953 606 5001 sarrctorum
629 4948 762 5019 inpressu,
782 4952 893 5008 tertium
909 4955 957 5009 dst
983 4969 1032 5009 ac·
1084 4956 1237 5024 nubantur,
1254 4964 1284 5009 ιιι
1299 4963 1326 5008 et
1338 4964 1403 5007 caro
1426 4946 1611 5015 neritonum
1630 4946 1686 5016 jaro
1712 4944 1832 5011 erudito,
1847 4951 1877 4999 ut

247 5046 353 5089 cessum
381 5033 414 5088 sd
438 5034 537 5092 Sancta
558 5048 725 5097 sanctornm.
750 5040 872 5097 Primum
895 5044 1032 5100 clauditur
1086 5048 1254 5119 ingrediatur
1271 5047 1298 5103 in
1317 5044 1430 5107 Sancto,
1451 5042 1478 5095 iu
1493 5054 1546 5109 quo
1559 5049 1618 5095 erat
1641 5052 1732 5094 mensa
1752 5039 1877 5107 proposi·

247 5124 362 5193 raptori,
374 5126 520 5182 secuudum
537 5128 649 5196 latroni,
667 5130 778 5187 tertium
794 5136 957 5202 nepodatori
968 5151 975 5189 :
987 5151 1031 5191 ra·
1086 5139 1176 5203 tionis.
1190 5139 1215 5193 id
1235 5148 1277 5193 est
1300 5137 1422 5193 doctriua
1436 5135 1601 5205 apostolico,
1615 5142 1644 5187 ut
1660 5132 1696 5187 ibi
1710 5130 1872 5195 erudiatur;

245 5218 316 5287 ptori
333 5218 378 5289 qui
402 5230 444 5275 est
471 5221 642 5287 mendicatus,
658 5224 754 5280 latroni
769 5227 814 5297 qui
836 5237 878 5283 est
893 5229 1029 5299 occultus,
1077 5229 1195 5295 dilecto,
1207 5235 1238 5283 ιιι
1252 5228 1285 5283 de
1298 5228 1369 5283 lectu
1380 5227 1424 5296 qui
1437 5234 1478 5281 est
1493 5226 1761 5281 sanctasanctorum
1775 5218 1809 5273 ad
1825 5230 1876 5270 nos

246 5311 409 5380 rrepotiatorl
423 5312 469 5383 qni
487 5322 530 5371 est
543 5315 724 5385 importunus.
742 5319 845 5389 llaptor
858 5320 931 5376 enlm
948 5336 1030 5393 napos
1084 5320 1273 5389 sarculatores
1282 5318 1482 5387 rideatur.Quo
1494 5318 1565 5374 lacto
1576 5316 1650 5370 risus
1660 5314 1694 5369 ad
1706 5320 1874 5367 ιιιοιιιοιιιιιιιι

246 5402 355 5470 accipit,
375 5401 447 5460 latro
470 5404 594 5463 incautos
618 5408 728 5480 decipit,
746 5411 899 5482 negotiator
911 5414 1029 5483 quictem
1085 5427 1133 5483 per
1144 5412 1283 5482 speculum
1300 5422 1327 5468 et
1343 5414 1369 5467 in
1384 5412 1527 5482 teniprnate
1540 5410 1563 5446 ⁸⁸
1586 5408 1740 5466 deelinotet
1752 5403 1871 5457 transita

283 5622 504 5683 ⁸⁸·“Ecclibb
540 5630 754 5688 δ’-“Ι)ιοι.51.
792 5632 957 5692 ”malso
993 5636 1017 5668 ⁸⁰
1030 5636 1051 5691 ll
1066 5634 1152 5690 lluob.
1169 5635 1195 5689 l.
1232 5634 1333 5689 ⁸¹l’sal.
1354 5635 1398 5691 65.
1437 5632 1609 5691 '’Ecole.'l.
1648 5627 1808 5685 bernus.
1846 5626 1872 5659 ⁸⁸

248 5691 317 5746 nnn
342 5696 366 5750 ι.
403 5695 427 5729 ⁸·
442 5698 583 5755 Erulult.
613 5700 793 5759 “mauron
830 5704 852 5737 ¹⁷
867 5705 938 5760 ent.
955 5708 1017 5763 tto.
1057 5707 1079 5741 ¹·
1095 5704 1228 5764 nantino.
1265 5706 1288 5738 ι·
1301 5704 1333 5760 ιιι
1352 5706 1417 5773 usn.
1431 5704 1457 5759 ι.
1495 5702 1518 5737 ⁸⁰
1536 5702 1603 5758 lanc·
1621 5702 1664 5759 tl·
1702 5699 1722 5731 ⁰¹
1739 5698 1800 5755 tn.
1825 5693 1870 5754 Β»

249 5761 334 5819 ”lob
359 5767 404 5822 el.
454 5766 556 5830 ”Gra
579 5770 618 5827 til.
657 5770 817 5844 ⁸⁸Ap0c.t.
857 5774 1037 5834 “lconis
