4125 6334
178 326 247 382 tttb
640 308 819 377 altstete
838 318 884 377 Et
903 317 1109 378 Pultttacll.
1129 349 1164 362 -
1177 320 1234 378 alt.
1248 319 1323 377 llud.
1740 317 1809 376 titt

177 439 311 511 largiente
325 435 442 492 Domino
459 476 467 503 ,
485 434 628 506 acquirere
647 437 765 505 poterit3
780 451 876 492 utrtues
895 436 1004 501 uiui-A
1057 437 1231 492 [lacernimus
1246 451 1312 507 ergo
1334 443 1365 492 ut
1381 435 1446 492 nulli
1459 433 1598 492 bominum
1616 433 1695 492 liceat
1709 437 1808 506 prete·

177 534 294 588 lotniaus
314 530 440 598 atttitluas
455 535 483 582 et
504 527 681 583 rationabiles
706 527 830 584 eeclesiae
852 543 967 586 cousue-
1019 542 1076 586 tatu
1093 529 1240 585 ecclesiam
1261 538 1364 585 temere
1377 529 1550 598 perturbare,
1566 529 1808 600 mtejutposeet·

178 621 376 680 tudiuesrobis
388 619 544 686 uestrisque
556 620 762 674 successoribus
773 619 968 689 perpetualiter
1017 626 1110 678 sinues
1132 621 1251 687 artferrc,
1267 622 1311 677 uel
1335 622 1444 678 ablatas
1458 623 1587 690 retinere,
1604 623 1742 689 minuere,
1758 636 1806 679 sert

177 714 383 769 corttlrmanms.
401 708 476 764 Saue
491 706 525 762 de
541 707 583 762 lais
595 717 623 762 et
639 708 699 765 aliis
710 710 926 779 possessionibus
940 718 967 766 et
1017 715 1182 786 quibuslibet
1194 715 1386 770 uexationibus
1397 714 1530 784 latigarea
1541 715 1589 772 sed
1601 714 1704 770 illibata
1715 715 1806 772 omnia

177 807 257 862 lionis
273 805 372 860 uestris
393 801 508 856 liberam
531 801 710 869 disponendi,
722 802 860 856 communi
875 813 965 856 tamen
1017 820 1043 863 ct
1060 811 1164 876 integra
1179 818 1379 865 conserventur
1393 822 1500 875 cotum,
1515 823 1566 879 pro
1579 823 1696 880 quorum
1711 807 1806 878 gabar.

176 899 305 961 consilio,
326 897 359 952 ad
377 896 509 953 bonorem
526 893 573 948 fici
591 905 619 950 ct
639 893 761 950 ecelesiae
786 902 884 949 restra
902 907 966 964 pru·
1017 902 1164 956 tratiotteet
1179 903 1377 957 strsteutationc
1389 915 1519 958 concessa
1536 911 1610 968 sttut,
1625 900 1719 956 usibus
1729 914 1805 954 coru·

176 991 278 1046 fectum
297 987 423 1043 babeatis
438 987 610 1044 facultatem.
1016 990 1106 1046 ntodis
1120 990 1277 1061 profutura,
1290 993 1364 1048 salua
1383 993 1459 1048 sedis
1472 991 1630 1061 apostolieae
1642 990 1805 1048 auctoritate

212 1081 421 1137 Transfretante
435 1093 525 1137 autem
539 1079 697 1151 patriarcba
725 1077 973 1148 ierosolymitano,¹
1015 1080 1271 1152 etlerosolyutitaui
1288 1083 1452 1152 patriarchae
1463 1083 1594 1137 canonica
1603 1081 1711 1154 justitia
1722 1090 1749 1138 et
1760 1097 1805 1139 re·

175 1175 250 1244 prior
261 1173 434 1241 etcanoniei,
448 1174 494 1244 qui
506 1189 556 1242 pre
569 1173 729 1244 tentporeiu
742 1170 836 1228 eadetn
848 1172 963 1227 eeclesia
1015 1173 1149 1228 vernantia.
1171 1172 1199 1227 Si
1228 1186 1283 1243 qua
1312 1172 1398 1243 igitur
1426 1172 1590 1227 infuturum
1617 1172 1803 1228 ecclesiastiea

174 1263 287 1332 fuerint,
317 1261 440 1331 domum,
466 1275 497 1319 ut
516 1265 619 1336 justum
642 1270 697 1331 est,
716 1273 746 1318 et
772 1262 964 1332 fautiliautpa·
1014 1262 1188 1320 secularisve
1213 1277 1350 1335 persona,
1376 1263 1448 1318 hauc
1474 1273 1574 1320 nostra
1599 1266 1804 1322 constitutionis

176 1357 305 1412 triarcltae
326 1365 353 1413 et
368 1359 471 1424 omnia,
494 1371 557 1425 ottae
572 1357 605 1411 ad
630 1356 676 1427 ius
691 1362 817 1426 spectant
840 1356 915 1411 intus
935 1363 963 1411 ct
1013 1358 1142 1429 paginam
1164 1357 1266 1420 sciens,
1283 1365 1380 1411 contra
1400 1369 1462 1411 eant
1480 1364 1582 1412 temere
1604 1357 1700 1412 uenire
1714 1365 1804 1412 teuta·

173 1458 253 1503 extra
279 1448 437 1504 custodient
458 1457 486 1504 et
509 1455 615 1517 repent,
640 1447 727 1503 donec
752 1449 808 1516 ipse
836 1445 961 1501 redierit.
1014 1445 1802 1518 t‘erit,seeundotertiot·econtmouita,uisipraesumptio·

174 1538 301 1595 llbeuute
311 1537 433 1606 ejusdem
447 1538 499 1594 loei
512 1538 680 1608 patriarcba,
690 1537 781 1593 nuilus
792 1537 830 1593 ibi
841 1537 962 1607 qualibet
1012 1551 1075 1592 nem
1090 1553 1166 1593 suam
1182 1539 1261 1608 digtta
1277 1537 1468 1594 satisfactione
1482 1539 1644 1603 correxerit,
1659 1537 1802 1606 potestatis

174 1631 361 1702 subreptionis
384 1631 484 1686 astutia
502 1645 549 1686 seu
572 1630 701 1685 riolctrtia
716 1639 897 1701 praeponatur,
910 1631 963 1687 nisi
1012 1631 1180 1702 lmtroristpte
1192 1633 1233 1687 stri
1248 1631 1383 1702 dignitate
1395 1639 1502 1696 careat,
1518 1643 1651 1701 reamque
1664 1642 1695 1686 sc
1708 1629 1801 1686 diuino

173 1738 255 1794 quaem
281 1723 406 1780 canonici
439 1723 524 1793 ipsius
548 1722 600 1779 loci
630 1723 766 1778 cummuni
787 1737 898 1778 astctrsu
919 1723 962 1779 rel
1008 1719 1112 1789 judicio
1134 1723 1254 1777 existere
1268 1721 1301 1777 tle
1314 1731 1471 1793 perpetrata
1485 1721 1630 1791 ltrlquitate
1641 1729 1799 1792 eognoscat,

173 1815 368 1872 canonicorum
386 1830 452 1886 pars
472 1815 581 1871 eartstttt
604 1813 723 1870 sanioris
741 1815 888 1870 secuudum
913 1815 960 1871 bei
976 1789 1039 1872 Bet
1063 1835 1078 1873 a
1100 1820 1416 1890 sacratissiutocorpore
1437 1831 1470 1874 ac
1485 1819 1618 1888 sauguine
1634 1819 1680 1874 bei
1702 1825 1731 1874 ct
1747 1817 1801 1873 llo·

174 1904 300 1958 timorem
326 1912 354 1958 et
379 1912 535 1958 tattctoruut
553 1902 665 1958 Petrum
680 1903 805 1960 instituta
825 1901 962 1959 canonice
1011 1909 1077 1964 tarini
1100 1909 1292 1982 lletletupturls
1311 1911 1399 1966 nostrl
1421 1909 1485 1967 lesu
1501 1909 1604 1967 Christi
1630 1911 1718 1966 aliena
1739 1910 1798 1977 liar,

172 1995 344 2066 lf⁰l5¹¹⁰fl¹¹¹
364 1995 530 2065 iliiliil‘lffl'i·
555 1996 736 2051 ffiffil⁰¹¹¹5¹¹¹¹³
754 2009 862 2066 quoque
884 1995 962 2050 '⁰¹¹ss
1011 2017 1092 2077 attpte
1110 2007 1137 2060 in
1157 2017 1279 2060 extremo
1304 2005 1431 2060 examine
1446 2005 1582 2062 districte
1594 2006 1692 2064 ultioni
1705 2007 1800 2077 subia-

172 2087 335 2142 uuetoritate
349 2087 499 2156 apostoliea
524 2087 717 2144 construamus
736 2089 869 2143 stationes
879 2086 962 2141 Tem-
1009 2106 1081 2150 caat,
1102 2095 1320 2151 concursantem
1340 2093 1429 2148 eidem
1449 2092 1509 2149 laea
1524 2109 1573 2150 erra
1589 2095 1650 2165 jura
1664 2097 1800 2152 seruanti-

170 2179 208 2250 pli
226 2177 344 2247 beurim,
371 2177 470 2234 dotatis
495 2179 572 2245 Sicu,
586 2179 685 2236 lictum
710 2179 808 2235 Olireti
827 2187 855 2234 et
875 2177 960 2233 taliis
1008 2184 1060 2240 bus
1073 2185 1109 2238 sit
1128 2199 1179 2254 pax
1203 2183 1309 2239 bomini
1330 2183 1417 2238 nostri
1438 2181 1502 2238 tem
1515 2183 1627 2250 Gitristi,
1653 2195 1792 2256 quatenus

170 2267 301 2338 loisellii
333 2269 361 2322 lit
384 2267 581 2324 scilillliilblli
603 2283 719 2335 wilm,
745 2269 816 2325 ⁸3⁰¹st
841 2266 958 2324 00010852
1008 2291 1034 2334 et
1054 2274 1231 2332 lticfructum
1258 2273 1337 2330 bouae
1363 2273 1477 2329 actionis
1499 2275 1660 2344 percipiant,
1679 2283 1708 2331 et
1725 2277 1797 2345 apud

107 2439 117 2452 ἢ
172 2361 322 2418 Mantineae
335 2359 679 2418 Resurrectioniseastlem
693 2375 801 2432 semper
818 2361 959 2418 consuerit
1008 2369 1164 2426 districtum
1175 2367 1296 2436 jndicem
1310 2367 1420 2438 prataria
1436 2375 1547 2423 aeternae
1559 2368 1797 2439 naatsrnrentant.

172 2453 283 2519 babere,
301 2455 337 2507 ita
353 2453 440 2522 quod,
454 2454 568 2510 abscute
581 2454 749 2525 patriercba,
766 2454 848 2510 liceat
859 2453 957 2524 priori,
1006 2465 1105 2517 Atttett.

172 2546 221 2615 qui
236 2560 285 2615 lii⁰
310 2553 431 2614 tempore
455 2543 548 2612 fuerit,
565 2547 678 2601 ”limiti
695 2546 722 2600 5¹¹
746 2545 785 2600 ⁰5⁸
799 2543 958 2599 ⁸⁰¹0¹¹l¹¹i¹³f
1041 2555 1098 2625 Ego
1115 2552 1286 2617 Caelestinus,
1304 2551 1447 2607 catholicae
1463 2552 1592 2608 Ecclesiae
1606 2553 1758 2625 episcopus.

171 2637 310 2693 celebrare
324 2648 353 2692 ct
372 2639 576 2708 processionem
599 2653 661 2692 eum
681 2635 835 2694 canonicis.
847 2635 957 2690 addici·
1044 2647 1099 2718 Eg„
1118 2646 1242 2707 ulutatus,
1255 2643 1581 2713 albarrarrsisaptacapns,

170 2744 232 2786 mus
248 2730 331 2785 etiam
346 2743 376 2786 ut
391 2733 494 2787 licitum
508 2734 544 2789 sit
557 2733 635 2788 tobis
649 2731 837 2787 ntalefaetores
849 2740 957 2787 uestros
1042 2737 1098 2806 Ego
1113 2735 1288 2799 Octauianus,
1302 2732 1438 2788 Ostiettsis
1450 2743 1477 2787 et
1500 2733 1673 2789 velletr-cusis
1690 2732 1795 2802 episco-

171 2832 199 2876 et
221 2820 375 2892 specialiter
400 2823 478 2877 tubis
505 2824 626 2878 decilates
653 2822 822 2887 auferentes,
852 2822 899 2892 qtti
921 2822 957 2877 dc
1006 2840 1068 2896 pus.

171 2921 261 2968 restra
274 2913 404 2982 parocbia
420 2913 532 2979 fuerint,
553 2915 624 2970 iufra
642 2914 792 2970 Jerusalem
808 2913 849 2968 rel
863 2923 954 2982 entra,
1042 2913 1098 2983 Ego
1109 2913 1215 2982 Petrus,
1229 2911 1386 2970 Portuensia
1403 2921 1430 2968 et
1442 2911 1550 2967 Sancta
1563 2911 1669 2966 llubttee
1689 2913 1795 2982 episce-

170 3004 222 3058 nisi
246 3004 365 3074 legitime
377 3005 536 3060 corutrtouiti
554 3004 751 3069 satisfecerint,
765 3006 903 3060 interdicti
927 3015 956 3062 ct
1004 3022 1067 3078 pus.

170 3097 461 3152 excommunicationis
475 3098 610 3152 seruientia
626 3097 653 3152 iu
665 3098 831 3168 patriarcba
856 3105 955 3154 restrae
1044 3097 1099 3166 Ege
1112 3093 1270 3163 fredulfus,
1287 3095 1405 3154 basilicae
1421 3095 1470 3154 xtt
1481 3096 1670 3167 apostolorum
1682 3096 1794 3168 presby·

170 3189 489 3245 absentiaeondetunare.
498 3187 651 3245 statuimus
659 3203 766 3260 quoquc
776 3199 806 3246 ut
814 3204 867 3245 non
876 3191 958 3248 liceat
970 3155 991 3213 ο
1010 3201 1051 3246 ter
1063 3199 1091 3245 et
1101 3189 1259 3246 cardinalia.

169 3280 335 3354 pata-taretia
354 3281 413 3336 sire
436 3281 522 3350 priori
539 3293 583 3337 res
603 3281 739 3348 eeclesiae,
755 3281 810 3338 nisi
824 3283 858 3337 de
879 3297 957 3338 com·
1042 3281 1098 3351 Ego
1110 3281 1201 3336 ileliur
1212 3281 1374 3336 Sanctorum
1388 3280 1501 3336 leatania
1515 3290 1543 3336 et
1560 3279 1636 3335 Pauli
1653 3282 1795 3338 uresbrter

169 3370 244 3427 matti
270 3381 317 3429 atu
339 3371 456 3427 sanioris
482 3373 569 3441 partis
595 3373 792 3428 cauouieorum
816 3371 956 3438 consilio,
1006 3372 1152 3427 cardinalis
1171 3371 1240 3427 tituli
1256 3370 1436 3425 Pantutaebii.

169 3467 323 3522 distrahere
336 3464 598 3534 autonomodotibet
609 3465 786 3521 alienareseu
801 3465 954 3535 possessio·
1044 3463 1099 3532 Epo
1113 3463 1261 3527 tordauus,
1277 3461 1386 3517 Sartctae
1398 3457 1572 3514 l’udcntianae
1587 3456 1656 3514 tituli
1673 3457 1794 3516 l‘astorit

169 3573 218 3614 nes
232 3557 430 3628 impignorarc3
448 3569 481 3610 ea
502 3569 579 3622 uero,
592 3571 654 3625 quae
675 3555 711 3610 ab
732 3555 848 3611 ecelesia
863 3566 955 3611 restra
1005 3554 1151 3624 presbyter
1162 3550 1320 3606 cardinalis.

169 3651 198 3707 iu
222 3649 350 3704 damuuut
377 3655 405 3704 et
432 3649 625 3704 detrimentum
650 3648 735 3717 ipsius
756 3649 813 3717 jam
837 3647 953 3703 alienate
1041 3641 1241 3711 Egoloanttes,
1259 3641 1332 3696 tituli
1349 3639 1443 3696 Sattcti
1465 3638 1614 3697 ctearenris
1632 3639 1792 3708 cardinalis,

169 3753 329 3806 reserantur,
344 3739 449 3796 licitum
462 3739 499 3796 sit
511 3739 588 3795 tobis
602 3739 802 3794 rationabiliter
814 3755 953 3796 reuocare.
1007 3731 1162 3788 titerbtnns
1175 3743 1203 3788 et
1222 3729 1362 3787 tuscanus
1376 3731 1529 3800 episcopas.

170 3831 314 3888 Saucitnus
338 3833 419 3888 ctiam
450 3839 481 3886 ut
510 3832 621 3887 nonsit
645 3829 688 3886 fas
709 3831 873 3899 patriarchae
896 3832 955 3888 sire
1040 3827 1097 3896 Ego
1121 3825 1198 3896 liupo
1225 3823 1368 3894 presbyter
1394 3822 1545 3879 cardinalis
1566 3821 1659 3876 Sttttcti
1682 3819 1792 3877 barrtnt

169 3925 256 3996 priori
283 3925 402 3995 aliquem
417 3925 452 3980 dc
473 3923 553 3980 robis
574 3925 635 3978 siue
661 3923 777 3981 consilio
796 3935 825 3980 ct
838 3938 954 3981 assensu
1005 3920 1075 3975 tituli
1096 3919 1207 3989 Etpttitii.

168 4017 279 4088 capituli
304 4017 346 4072 rel
371 4017 490 4073 sanioris
515 4016 603 4088 partis
626 4015 747 4085 ejusdem
769 4017 803 4072 ad
832 4018 953 4087 aliquam
1039 4011 1095 4081 Ego
1116 4011 1231 4078 (liutius,
1261 4009 1330 4065 tituli
1347 4007 1439 4064 Sancti
1464 4005 1606 4064 Laurentii
1634 4005 1661 4061 lu
1687 4003 1792 4062 Lucina

167 4107 349 4163 obedieutiam
360 4107 536 4162 cismarinam
559 4106 677 4176 diripere
692 4122 740 4161 seu
756 4106 790 4160 ab
801 4107 891 4162 officio
903 4120 954 4160 suo
1004 4104 1146 4174 presbyter
1156 4101 1314 4156 cardinalis.

167 4199 333 4267 suspendere
346 4207 403 4253 eta
425 4199 565 4253 consortio
583 4197 779 4252 canonicorum
799 4209 951 4260 remouere,
1039 4193 1095 4262 Ego
1114 4192 1256 4258 Sufretlus,
1276 4189 1347 4245 tituli
1362 4189 1471 4245 Sancte
1491 4187 1624 4244 l‘raxedis
1648 4191 1791 4262 presbyter

167 4289 220 4346 uisi
233 4291 268 4346 ob
282 4291 455 4346 manifestam
471 4289 578 4361 culpam
590 4305 679 4356 matu,
695 4305 756 4360 quae
771 4288 879 4360 publiea
890 4286 953 4342 fue·
1003 4285 1159 4340 cardinalis.
1786 4359 1789 4365 Ι

167 4383 213 4449 rit,
228 4392 276 4440 alil
290 4383 362 4439 unde
374 4383 515 4441 confessus
528 4383 586 4439 sive
599 4383 741 4438 conuictus
752 4385 953 4451 exi31213‘prae·
1038 4375 1094 4444 Ego
1119 4371 1268 4440 fidantius,
1299 4371 1369 4426 tituli
1389 4369 1482 4426 Sattell
1503 4369 1624 4426 Marcelli
1648 4369 1790 4441 presbyter

166 4485 242 4531 terea
259 4477 443 4532 cotafratribus
457 4478 574 4540 vestrim
591 4477 644 4530 uisi
657 4477 889 4532 excommunicati
903 4483 951 4531 aut
965 4485 990 4543 p
1002 4467 1156 4524 cardinalis.

166 4567 327 4622 notatarum
352 4566 454 4622 stertat
480 4568 635 4630 trater-areu.
666 4583 765 4637 amas
791 4567 897 4622 llutttlttl
922 4576 951 4621 et
1038 4555 1093 4625 Eat
1117 4555 1279 4620 Gratianus.
1304 4552 1469 4609 Spacorum
1488 4551 1593 4610 casana
1614 4563 1642 4609 et
1665 4552 1789 4607 natarunt

166 4658 356 4714 ecclesiastiea
367 4657 507 4728 sepultura
525 4675 578 4714 non
594 4669 719 4729 negetur.
732 4658 773 4712 ‚ld
786 4657 843 4713 baec
854 4669 952 4725 supra·
1001 4650 1132 4704 diaeonus
1152 4647 1310 4702 cardinalis.

166 4749 247 4806 rlictis
262 4749 435 4819 adjungimus
450 4759 481 4805 ut
496 4751 649 4820 patriarcba
667 4749 705 4804 nil
719 4750 753 4803 de
767 4748 847 4803 rebus
863 4747 952 4804 eccle·
1037 4740 1093 4808 Ero
1111 4738 1256 4806 Gitartltts.
1278 4739 1371 4794 Stricti
1395 4738 1510 4794 Atlrillltl
1537 4737 1673 4794 diaconus
1699 4735 1789 4794 elidi·

165 4841 215 4896 sie
229 4849 337 4906 restrae,
358 4842 430 4911 quod
450 4841 502 4897 sibi
517 4843 551 4899 de
569 4841 631 4913 iure
657 4855 710 4896 noar
725 4841 856 4909 eorupetit
877 4853 952 4893 aea-
1002 4834 1081 4888 uatis

165 4931 273 4988 nutricis
300 4931 342 4988 rel
371 4931 557 4989 confratribus
569 4947 620 5004 per
645 4932 828 4989 obedientiam
842 4931 951 5000 erigere
1037 4925 1265 4997 Egabregorins,
1280 4926 1389 4983 Sanctae
1411 4925 1504 4982 llariae
1518 4925 1546 4981 iu
1569 4925 1679 4983 Portica
1695 4927 1787 4980 draeo·

165 5022 275 5080 audeat.
303 5023 375 5078 Saue
401 5024 538 5078 noualiuur
562 5033 725 5088 uestrorum,
749 5037 810 5092 quae
833 5021 952 5093 propriis
1001 5035 1053 5073 nus
1067 5019 1226 5075 cardinalis.

165 5113 294 5168 tttanibus
308 5123 356 5169 aut
369 5115 522 5183 sumptibus
536 5115 636 5180 colitis,
651 5115 710 5170 sire
722 5116 756 5169 de
775 5112 951 5170 nutrimentis
1037 5109 1094 5181 ligo
1108 5109 1264 5179 Gregorius,
1282 5109 1374 5165 Sancti
1389 5107 1497 5180 Georgii
1511 5109 1545 5164 ad
1559 5107 1651 5164 leluut
1673 5118 1787 5160 aureum

165 5204 328 5262 arnitrraliuut
351 5219 505 5262 restromm
518 5207 639 5262 meimas
651 5222 667 5260 a
681 5207 758 5262 robis
775 5207 865 5262 nullus
879 5221 950 5276 prae·
1000 5201 1133 5259 diaeonus
1147 5203 1305 5259 cardinalis.
1690 5197 1694 5205 '

165 5311 256 5353 sumat
275 5299 397 5370 exigere.
419 5297 506 5355 Porro
528 5301 701 5357 medietatem
732 5304 949 5370 possessionum,
1038 5295 1093 5366 Ego
1106 5295 1242 5363 Lutarius,
1254 5295 1416 5351 Sattetorum
1430 5293 1519 5362 sergii
1534 5302 1561 5348 et
1582 5291 1786 5346 bacctttdtaeo-

164 5403 224 5458 quae
248 5389 320 5446 iuter
344 5406 391 5447 uos
415 5407 579 5447 comumnes
596 5403 671 5457 sttut,
694 5401 723 5447 ut
745 5393 773 5446 ia
793 5393 899 5463 Augila,
922 5393 949 5447 iu
1000 5403 1052 5441 itus
1067 5387 1222 5442 turribulis.

163 5480 258 5548 baria,
273 5482 299 5535 iu
322 5483 497 5549 Aletuaania,
522 5484 648 5551 Polouia,
674 5484 802 5547 flateuia,
833 5483 947 5554 fragia,
1037 5480 1091 5548 Ego
1116 5479 1272 5548 Gregorius,
1298 5477 1390 5533 Sattcti
1412 5476 1508 5546 augeli
1534 5475 1669 5531 dlaconus
1695 5473 1785 5529 rarat-

164 5571 314 5643 lluuparia,
333 5573 597 5647 Cottstautiuopolim
616 5587 644 5633 et
666 5578 693 5633 iu
706 5576 833 5633 omuibus
849 5577 950 5632 linibus
1000 5574 1081 5626 nalis.

165 5663 235 5731 ejus,
253 5663 278 5716 iu
293 5663 392 5732 quibus
408 5668 577 5722 urediemteut
595 5682 774 5738 expensarum
790 5665 882 5722 facere
903 5667 949 5721 de·
1036 5667 1092 5736 ligo
1111 5666 1192 5732 llobu,
1220 5665 1311 5722 Sancti
1324 5662 1460 5720 Tlrcotluti
1484 5662 1614 5715 diaconus
1626 5658 1782 5714 cardinalis.

164 5755 246 5820 betis,
264 5757 339 5811 robis
356 5757 561 5813 cottftrtnanuts.
1039 5760 1106 5814 trata
1120 5758 1258 5826 laterani,
1275 5773 1322 5828 per
1336 5773 1444 5812 manum
1461 5756 1559 5820 centii,
1573 5758 1680 5810 Sattctee
1693 5753 1783 5808 lacta
